@inproceedings{devlin-etal-2019-bert,
    title = "{BERT}: Pre-training of Deep Bidirectional Transformers for Language Understanding",
    author = "Devlin, Jacob  and
      Chang, Ming-Wei  and
      Lee, Kenton  and
      Toutanova, Kristina",
    editor = "Burstein, Jill  and
      Doran, Christy  and
      Solorio, Thamar",
    booktitle = "Proceedings of the 2019 Conference of the North {A}merican Chapter of the Association for Computational Linguistics: Human Language Technologies, Volume 1 (Long and Short Papers)",
    month = jun,
    year = "2019",
    address = "Minneapolis, Minnesota",
    publisher = "Association for Computational Linguistics",
    url = "https://aclanthology.org/N19-1423",
    doi = "10.18653/v1/N19-1423",
    pages = "4171--4186",
}

@article{Ferreira-Basso-2020,
  title={Sobre as preposições de trajetória do português brasileiro: tipologia e valor aspectual},
  author={Thayse Letícia Ferreira and Renato Miguel Basso},
  journal={Diadorim: revista de estudos linguísticos e literários},
  volume={22},
  number={2},
  year={2020},
  doi={10.35520/diadorim.2020.v22n2a32554},
  url={https://revistas.ufrj.br/index.php/diadorim/article/view/32554},
}

@book{cunha2016nova,
  title={Nova gram{\'a}tica do portugu{\^e}s contempor{\^a}neo},
  author={Cunha, Celso and Cintra, Lindley},
  year={2016},
  publisher={LEXIKON Editora Digital ltda}
}

@article{shan2018review,
  author    = {Shan, Xinxin},
  title     = {A Review on Motion Event from a Typological Perspective},
  journal   = {Theory and Practice in Language Studies},
  volume    = {8},
  number    = {11},
  pages     = {1469--1477},
  year      = {2018},
  month     = {11},
  doi       = {10.17507/tpls.0811.11},
  url       = {https://www.academypublication.com/issues2/tpls/vol08/11/11.pdf},
  issn      = {1799-2591}
}

@article{alonso2022,
  author    = {Rosa Alonso Alonso},
  title     = {Thinking-for-translating in comics: a case-study of Asterix},
  journal   = {Perspectives},
  volume    = {32},
  number    = {1},
  pages     = {100--118},
  year      = {2022},
  publisher = {Routledge},
  doi       = {10.1080/0907676X.2022.2063062},
  url       = {https://doi.org/10.1080/0907676X.2022.2063062}
}

@article{cifuentes-ferez2015thinking,
  author    = {Paula Cifuentes-Férez and Ana Rojo},
  title     = {Thinking for translating: A think-aloud protocol on the translation of manner-of-motion verbs},
  journal   = {Target},
  volume    = {27},
  number    = {2},
  pages     = {273--300},
  year      = {2015},
  publisher = {John Benjamins Publishing Company},
  issn      = {0924-1884},
  eissn     = {1569-9986},
  url       = {https://doi.org/10.1075/target.27.2.05cif},
}


@incollection{Slobin2006WhatMM,
  title        = {What Makes Manner of Motion Salient? Explorations in Linguistic Typology, Discourse, and Cognition},
  author       = {Slobin, Dan},
  booktitle    = {Space in Languages: Linguistic Systems and Cognitive Categories},
  editor       = {Hickmann, M. and Robert, S.},
  pages        = {59--81},
  year         = {2006},
  publisher    = {John Benjamins},
  address      = {Amsterdam/Philadelphia, PA},
  doi          = {10.1075/tsl.66.05slo},
  url          = {https://doi.org/10.1075/tsl.66.05slo}
}

@inproceedings{bleu,
author = {Papineni, Kishore and Roukos, Salim and Ward, Todd and Zhu, Wei-Jing},
title = {BLEU: a method for automatic evaluation of machine translation},
year = {2002},
publisher = {Association for Computational Linguistics},
address = {USA},
url = {https://doi.org/10.3115/1073083.1073135},
doi = {10.3115/1073083.1073135},
booktitle = {Proceedings of the 40th Annual Meeting on Association for Computational Linguistics},
pages = {311–318},
numpages = {8},
location = {Philadelphia, Pennsylvania},
series = {ACL '02}
}

@misc{brookings_language_gaps,
  title = {How Language Gaps Constrain Generative {AI} Development},
  author = {{Brookings Institution}},
  howpublished = {\url{https://www.brookings.edu/articles/how-language-gaps-constrain-generative-ai-development/}},
  year = {2024},
  note = {Accessed: May 31, 2024}
}

@misc{xu2024contrastive,
      title={Contrastive Preference Optimization: Pushing the Boundaries of LLM Performance in Machine Translation}, 
      author={Haoran Xu and Amr Sharaf and Yunmo Chen and Weiting Tan and Lingfeng Shen and Benjamin Van Durme and Kenton Murray and Young Jin Kim},
      year={2024},
      eprint={2401.08417},
      archivePrefix={arXiv},
      primaryClass={cs.CL}
}

@inproceedings{nair2022transfer,
  title={Transfer learning approaches for building cross-language dense retrieval models},
  author={Nair, Suraj and Yang, Eugene and Lawrie, Dawn and Duh, Kevin and McNamee, Paul and Murray, Kenton and Mayfield, James and Oard, Douglas W},
  booktitle={European Conference on Information Retrieval},
  pages={382--396},
  year={2022},
  organization={Springer}
}

@inproceedings{negi-etal-2024-hybrid-approach,
    title = "A Hybrid Approach to Aspect Based Sentiment Analysis Using Transfer Learning",
    author = "Negi, Gaurav  and
      Sarkar, Rajdeep  and
      Zayed, Omnia  and
      Buitelaar, Paul",
    editor = "Calzolari, Nicoletta  and
      Kan, Min-Yen  and
      Hoste, Veronique  and
      Lenci, Alessandro  and
      Sakti, Sakriani  and
      Xue, Nianwen",
    booktitle = "Proceedings of the 2024 Joint International Conference on Computational Linguistics, Language Resources and Evaluation (LREC-COLING 2024)",
    month = may,
    year = "2024",
    address = "Torino, Italia",
    publisher = "ELRA and ICCL",
    url = "https://aclanthology.org/2024.lrec-main.56",
    pages = "647--658",
}

@misc{lai2023chatgpt,
      title={ChatGPT Beyond English: Towards a Comprehensive Evaluation of Large Language Models in Multilingual Learning}, 
      author={Viet Dac Lai and Nghia Trung Ngo and Amir Pouran Ben Veyseh and Hieu Man and Franck Dernoncourt and Trung Bui and Thien Huu Nguyen},
      year={2023},
      eprint={2304.05613},
      archivePrefix={arXiv},
      primaryClass={cs.CL}
}

@misc{llama2,
  title = {Llama 2},
  author = {{Meta}},
  howpublished = {\url{https://llama.meta.com/llama2/}},
  note = {Accessed: May 9, 2024}
}

@misc{llama3,
  title = {Llama 3},
  author = {{Meta}},
  howpublished = {\url{https://llama.meta.com/llama3/}},
  note = {Accessed: May 9, 2024}
}

@misc{gemma,
  title = {{Gemma}},
  author = {{Google AI}},
  howpublished = {\url{https://ai.google.dev/gemma}},
  note = {Accessed: May 9, 2024}
}

@misc{scipy_stats_t,
  title = {{scipy.stats.t}},
  author = {{SciPy}},
  year = {2024},
  url = {\url{https://docs.scipy.org/doc/scipy/reference/generated/scipy.stats.t.html}},
  urldate = {2024-05-18},
}

@online{cambridge2024,
  author = {Cambridge Dictionary},
  title = {Get through},
  year = {2024},
  url = {https://dictionary.cambridge.org/us/dictionary/english/get-through},
  urldate = {2024-05-14},
}

@misc{merriamwebster_onto_something,
  author       = {Merriam-Webster},
  title        = {Onto something},
  year         = {2024},
  url          = {https://www.merriam-webster.com/dictionary/onto%20something},
  urldate      = {2024-05-19}
}

@inproceedings{szawerna-etal-2024-detecting,
    title = "Detecting Personal Identifiable Information in {S}wedish Learner Essays",
    author = {Szawerna, Maria Irena  and
      Dobnik, Simon  and
      Mu{\~n}oz S{\'a}nchez, Ricardo  and
      Lindstr{\"o}m Tiedemann, Therese  and
      Volodina, Elena},
    editor = {Volodina, Elena  and
      Alfter, David  and
      Dobnik, Simon  and
      Lindstr{\"o}m Tiedemann, Therese  and
      Mu{\~n}oz S{\'a}nchez, Ricardo  and
      Szawerna, Maria Irena  and
      Vu, Xuan-Son},
    booktitle = "Proceedings of the Workshop on Computational Approaches to Language Data Pseudonymization (CALD-pseudo 2024)",
    month = mar,
    year = "2024",
    address = "St. Julian{'}s, Malta",
    publisher = "Association for Computational Linguistics",
    url = "https://aclanthology.org/2024.caldpseudo-1.7",
    pages = "54--63",
}

@misc{collinsdictionary,
  author = {Collins Dictionary},
  title        = {Look into},
  year         = {2024},
  url = {https://www.collinsdictionary.com/pt/dictionary/english/look-into},
  urldate = {2024-06-01}
}

@misc{thakur2023language,
      title={Language Models Get a Gender Makeover: Mitigating Gender Bias with Few-Shot Data Interventions}, 
      author={Himanshu Thakur and Atishay Jain and Praneetha Vaddamanu and Paul Pu Liang and Louis-Philippe Morency},
      year={2023},
      eprint={2306.04597},
      archivePrefix={arXiv},
      primaryClass={cs.CL}
}

@article{Brysbaert2009,
  title={Moving beyond Kučera and Francis: A critical evaluation of current word frequency norms and the introduction of a new and improved word frequency measure for American English},
  author={Brysbaert, Marc and New, Boris},
  journal={Behavior Research Methods},
  year={2009},
  volume={41},
  number={4},
  pages={977--990},
  doi={10.3758/BRM.41.4.977},
  url={https://doi.org/10.3758/BRM.41.4.977}
}

@inproceedings{yifei-etal-2023-conceptor,
    title = "Conceptor-Aided Debiasing of Large Language Models",
    author = "Yifei, Li  and
      Ungar, Lyle  and
      Sedoc, Jo{\~a}o",
    editor = "Bouamor, Houda  and
      Pino, Juan  and
      Bali, Kalika",
    booktitle = "Proceedings of the 2023 Conference on Empirical Methods in Natural Language Processing",
    month = dec,
    year = "2023",
    address = "Singapore",
    publisher = "Association for Computational Linguistics",
    url = "https://aclanthology.org/2023.emnlp-main.661",
    doi = "10.18653/v1/2023.emnlp-main.661",
    pages = "10703--10727"
}

@online{dicioRedor,
  title = {Redor},
  author = {{Dicio, Dicionário Online de Português}},
  year = {2024},
  url = {https://www.dicio.com.br/redor/},
  note = {Accessed: 2024-05-17}
}

@misc{mistral,
  title = {{Mistral 7B}},
  author = {{Mistral AI}},
  howpublished = {\url{https://mistral.ai/news/announcing-mistral-7b/}},
  note = {Accessed: May 9, 2024}
}

@inbook{Slobin-2004,
author = {Slobin, Dan},
year = {2004},
month = {01},
pages = {195-210},
title = {How people move},
doi = {10.1075/slcs.68.11slo}
}

@misc{mixtral,
  title = {{Mixtral of experts}},
  author = {{Mistral AI}},
  howpublished = {\url{https://mistral.ai/news/mixtral-of-experts/}},
  note = {Accessed: May 9, 2024}
}

@misc{jiang2024mixtral,
      title={Mixtral of Experts}, 
      author={Albert Q. Jiang and Alexandre Sablayrolles and Antoine Roux and Arthur Mensch and Blanche Savary and Chris Bamford and Devendra Singh Chaplot and Diego de las Casas and Emma Bou Hanna and Florian Bressand and Gianna Lengyel and Guillaume Bour and Guillaume Lample and Lélio Renard Lavaud and Lucile Saulnier and Marie-Anne Lachaux and Pierre Stock and Sandeep Subramanian and Sophia Yang and Szymon Antoniak and Teven Le Scao and Théophile Gervet and Thibaut Lavril and Thomas Wang and Timothée Lacroix and William El Sayed},
      year={2024},
      eprint={2401.04088},
      archivePrefix={arXiv},
      primaryClass={cs.LG}
}

@misc{jiang2023mistral,
      title={Mistral 7B}, 
      author={Albert Q. Jiang and Alexandre Sablayrolles and Arthur Mensch and Chris Bamford and Devendra Singh Chaplot and Diego de las Casas and Florian Bressand and Gianna Lengyel and Guillaume Lample and Lucile Saulnier and Lélio Renard Lavaud and Marie-Anne Lachaux and Pierre Stock and Teven Le Scao and Thibaut Lavril and Thomas Wang and Timothée Lacroix and William El Sayed},
      year={2023},
      eprint={2310.06825},
      archivePrefix={arXiv},
      primaryClass={cs.CL}
}

@inproceedings{zhang-vogel-2004-measuring,
    title = "Measuring confidence intervals for the machine translation evaluation metrics",
    author = "Zhang, Ying  and
      Vogel, Stephan",
    booktitle = "Proceedings of the 10th Conference on Theoretical and Methodological Issues in Machine Translation of Natural Languages",
    month = oct,
    year = "2004",
    address = "Baltimore, Maryland",
    url = "https://aclanthology.org/2004.tmi-1.9",
}

@inproceedings{peters-etal-2018-deep,
    title = "Deep Contextualized Word Representations",
    author = "Peters, Matthew E.  and
      Neumann, Mark  and
      Iyyer, Mohit  and
      Gardner, Matt  and
      Clark, Christopher  and
      Lee, Kenton  and
      Zettlemoyer, Luke",
    editor = "Walker, Marilyn  and
      Ji, Heng  and
      Stent, Amanda",
    booktitle = "Proceedings of the 2018 Conference of the North {A}merican Chapter of the Association for Computational Linguistics: Human Language Technologies, Volume 1 (Long Papers)",
    month = jun,
    year = "2018",
    address = "New Orleans, Louisiana",
    publisher = "Association for Computational Linguistics",
    url = "https://aclanthology.org/N18-1202",
    doi = "10.18653/v1/N18-1202",
    pages = "2227--2237",
}

@inproceedings{castilho-2020-page,
    title = "On the Same Page? Comparing Inter-Annotator Agreement in Sentence and Document Level Human Machine Translation Evaluation",
    author = "Castilho, Sheila",
    editor = {Barrault, Lo{\"\i}c  and
      Bojar, Ond{\v{r}}ej  and
      Bougares, Fethi  and
      Chatterjee, Rajen  and
      Costa-juss{\`a}, Marta R.  and
      Federmann, Christian  and
      Fishel, Mark  and
      Fraser, Alexander  and
      Graham, Yvette  and
      Guzman, Paco  and
      Haddow, Barry  and
      Huck, Matthias  and
      Yepes, Antonio Jimeno  and
      Koehn, Philipp  and
      Martins, Andr{\'e}  and
      Morishita, Makoto  and
      Monz, Christof  and
      Nagata, Masaaki  and
      Nakazawa, Toshiaki  and
      Negri, Matteo},
    booktitle = "Proceedings of the Fifth Conference on Machine Translation",
    month = nov,
    year = "2020",
    address = "Online",
    publisher = "Association for Computational Linguistics",
    url = "https://aclanthology.org/2020.wmt-1.137",
    pages = "1150--1159",
}

@inproceedings{Mariana2014TheMQ,
  title={The Multidimensional Quality Metric (MQM) Framework: A New Framework for Translation Quality Assessment},
  author={Valerie Ruth Mariana},
  year={2014},
  url={https://api.semanticscholar.org/CorpusID:62376622}
}

@inproceedings{saadany-orasan-2021-bleu,
    title = "{BLEU}, {METEOR}, {BERTS}core: Evaluation of Metrics Performance in Assessing Critical Translation Errors in Sentiment-Oriented Text",
    author = "Saadany, Hadeel  and
      Orasan, Constantin",
    editor = "Mitkov, Ruslan  and
      Sosoni, Vilelmini  and
      Gigu{\`e}re, Julie Christine  and
      Murgolo, Elena  and
      Deysel, Elizabeth",
    booktitle = "Proceedings of the Translation and Interpreting Technology Online Conference",
    month = jul,
    year = "2021",
    address = "Held Online",
    publisher = "INCOMA Ltd.",
    url = "https://aclanthology.org/2021.triton-1.6",
    pages = "48--56",
}

@inproceedings{pedersen-etal-2004-wordnet,
    title = "{W}ord{N}et::{S}imilarity - Measuring the Relatedness of Concepts",
    author = "Pedersen, Ted  and
      Patwardhan, Siddharth  and
      Michelizzi, Jason",
    booktitle = "Demonstration Papers at {HLT}-{NAACL} 2004",
    month = may,
    year = "2004",
    address = "Boston, Massachusetts, USA",
    publisher = "Association for Computational Linguistics",
    url = "https://aclanthology.org/N04-3012",
    pages = "38--41",
}

@article{JMLR:v21:20-074,
  author  = {Colin Raffel and Noam Shazeer and Adam Roberts and Katherine Lee and Sharan Narang and Michael Matena and Yanqi Zhou and Wei Li and Peter J. Liu},
  title   = {Exploring the Limits of Transfer Learning with a Unified Text-to-Text Transformer},
  journal = {Journal of Machine Learning Research},
  year    = {2020},
  volume  = {21},
  number  = {140},
  pages   = {1--67},
  url     = {http://jmlr.org/papers/v21/20-074.html}
}

@article{sun-at-al-2021,
  author       = {Yu Sun and
                  Shuohuan Wang and
                  Shikun Feng and
                  Siyu Ding and
                  Chao Pang and
                  Junyuan Shang and
                  Jiaxiang Liu and
                  Xuyi Chen and
                  Yanbin Zhao and
                  Yuxiang Lu and
                  Weixin Liu and
                  Zhihua Wu and
                  Weibao Gong and
                  Jianzhong Liang and
                  Zhizhou Shang and
                  Peng Sun and
                  Wei Liu and
                  Xuan Ouyang and
                  Dianhai Yu and
                  Hao Tian and
                  Hua Wu and
                  Haifeng Wang},
  title        = {{ERNIE} 3.0: Large-scale Knowledge Enhanced Pre-training for Language
                  Understanding and Generation},
  journal      = {CoRR},
  volume       = {abs/2107.02137},
  year         = {2021},
  url          = {https://arxiv.org/abs/2107.02137},
  eprinttype    = {arXiv},
  eprint       = {2107.02137},
  timestamp    = {Tue, 15 Mar 2022 17:41:07 +0100},
  biburl       = {https://dblp.org/rec/journals/corr/abs-2107-02137.bib},
  bibsource    = {dblp computer science bibliography, https://dblp.org}
}

@article{wang-at-al-2021,
  author       = {Shuohuan Wang and
                  Yu Sun and
                  Yang Xiang and
                  Zhihua Wu and
                  Siyu Ding and
                  Weibao Gong and
                  Shikun Feng and
                  Junyuan Shang and
                  Yanbin Zhao and
                  Chao Pang and
                  Jiaxiang Liu and
                  Xuyi Chen and
                  Yuxiang Lu and
                  Weixin Liu and
                  Xi Wang and
                  Yangfan Bai and
                  Qiuliang Chen and
                  Li Zhao and
                  Shiyong Li and
                  Peng Sun and
                  Dianhai Yu and
                  Yanjun Ma and
                  Hao Tian and
                  Hua Wu and
                  Tian Wu and
                  Wei Zeng and
                  Ge Li and
                  Wen Gao and
                  Haifeng Wang},
  title        = {{ERNIE} 3.0 Titan: Exploring Larger-scale Knowledge Enhanced Pre-training
                  for Language Understanding and Generation},
  journal      = {CoRR},
  volume       = {abs/2112.12731},
  year         = {2021},
  url          = {https://arxiv.org/abs/2112.12731},
  eprinttype    = {arXiv},
  eprint       = {2112.12731},
  timestamp    = {Fri, 29 Jul 2022 09:29:22 +0200},
  biburl       = {https://dblp.org/rec/journals/corr/abs-2112-12731.bib},
  bibsource    = {dblp computer science bibliography, https://dblp.org}
}

@misc{zhang2022opt,
      title={OPT: Open Pre-trained Transformer Language Models}, 
      author={Susan Zhang and Stephen Roller and Naman Goyal and Mikel Artetxe and Moya Chen and Shuohui Chen and Christopher Dewan and Mona Diab and Xian Li and Xi Victoria Lin and Todor Mihaylov and Myle Ott and Sam Shleifer and Kurt Shuster and Daniel Simig and Punit Singh Koura and Anjali Sridhar and Tianlu Wang and Luke Zettlemoyer},
      year={2022},
      eprint={2205.01068},
      archivePrefix={arXiv},
      primaryClass={cs.CL}
}

@misc{touvron2023llama,
      title={LLaMA: Open and Efficient Foundation Language Models}, 
      author={Hugo Touvron and Thibaut Lavril and Gautier Izacard and Xavier Martinet and Marie-Anne Lachaux and Timothée Lacroix and Baptiste Rozière and Naman Goyal and Eric Hambro and Faisal Azhar and Aurelien Rodriguez and Armand Joulin and Edouard Grave and Guillaume Lample},
      year={2023},
      eprint={2302.13971},
      archivePrefix={arXiv},
      primaryClass={cs.CL}
}

@article{gemma_2024,
    title={Gemma},
    url={https://www.kaggle.com/m/3301},
    DOI={10.34740/KAGGLE/M/3301},
    publisher={Kaggle},
    author={Gemma Team, Thomas Mesnard and Cassidy Hardin and Robert Dadashi and Surya Bhupatiraju and Laurent Sifre and Morgane Rivière and Mihir Sanjay Kale and Juliette Love and Pouya Tafti and Léonard Hussenot and et al.},
    year={2024}
}

@inproceedings{alves-etal-2022-robust,
    title = "Robust {MT} Evaluation with Sentence-level Multilingual Augmentation",
    author = "Alves, Duarte  and
      Rei, Ricardo  and
      Farinha, Ana C  and
      C. de Souza, Jos{\'e} G.  and
      Martins, Andr{\'e} F. T.",
    editor = {Koehn, Philipp  and
      Barrault, Lo{\"\i}c  and
      Bojar, Ond{\v{r}}ej  and
      Bougares, Fethi  and
      Chatterjee, Rajen  and
      Costa-juss{\`a}, Marta R.  and
      Federmann, Christian  and
      Fishel, Mark  and
      Fraser, Alexander  and
      Freitag, Markus  and
      Graham, Yvette  and
      Grundkiewicz, Roman  and
      Guzman, Paco  and
      Haddow, Barry  and
      Huck, Matthias  and
      Jimeno Yepes, Antonio  and
      Kocmi, Tom  and
      Martins, Andr{\'e}  and
      Morishita, Makoto  and
      Monz, Christof  and
      Nagata, Masaaki  and
      Nakazawa, Toshiaki  and
      Negri, Matteo  and
      N{\'e}v{\'e}ol, Aur{\'e}lie  and
      Neves, Mariana  and
      Popel, Martin  and
      Turchi, Marco  and
      Zampieri, Marcos},
    booktitle = "Proceedings of the Seventh Conference on Machine Translation (WMT)",
    month = dec,
    year = "2022",
    address = "Abu Dhabi, United Arab Emirates (Hybrid)",
    publisher = "Association for Computational Linguistics",
    url = "https://aclanthology.org/2022.wmt-1.43",
    pages = "469--478",
}

@misc{glushkova2023bleu,
      title={BLEU Meets COMET: Combining Lexical and Neural Metrics Towards Robust Machine Translation Evaluation}, 
      author={Taisiya Glushkova and Chrysoula Zerva and André F. T. Martins},
      year={2023},
      eprint={2305.19144},
      archivePrefix={arXiv},
      primaryClass={cs.CL}
}

@inproceedings{amrhein-sennrich-2022-identifying,
    title = "Identifying Weaknesses in Machine Translation Metrics Through Minimum {B}ayes Risk Decoding: A Case Study for {COMET}",
    author = "Amrhein, Chantal  and
      Sennrich, Rico",
    editor = "He, Yulan  and
      Ji, Heng  and
      Li, Sujian  and
      Liu, Yang  and
      Chang, Chua-Hui",
    booktitle = "Proceedings of the 2nd Conference of the Asia-Pacific Chapter of the Association for Computational Linguistics and the 12th International Joint Conference on Natural Language Processing (Volume 1: Long Papers)",
    month = nov,
    year = "2022",
    address = "Online only",
    publisher = "Association for Computational Linguistics",
    url = "https://aclanthology.org/2022.aacl-main.83",
    pages = "1125--1141",
}

@inproceedings{ma-etal-2019-results,
    title = "Results of the {WMT}19 Metrics Shared Task: Segment-Level and Strong {MT} Systems Pose Big Challenges",
    author = "Ma, Qingsong  and
      Wei, Johnny  and
      Bojar, Ond{\v{r}}ej  and
      Graham, Yvette",
    editor = "Bojar, Ond{\v{r}}ej  and
      Chatterjee, Rajen  and
      Federmann, Christian  and
      Fishel, Mark  and
      Graham, Yvette  and
      Haddow, Barry  and
      Huck, Matthias  and
      Yepes, Antonio Jimeno  and
      Koehn, Philipp  and
      Martins, Andr{\'e}  and
      Monz, Christof  and
      Negri, Matteo  and
      N{\'e}v{\'e}ol, Aur{\'e}lie  and
      Neves, Mariana  and
      Post, Matt  and
      Turchi, Marco  and
      Verspoor, Karin",
    booktitle = "Proceedings of the Fourth Conference on Machine Translation (Volume 2: Shared Task Papers, Day 1)",
    month = aug,
    year = "2019",
    address = "Florence, Italy",
    publisher = "Association for Computational Linguistics",
    url = "https://aclanthology.org/W19-5302",
    doi = "10.18653/v1/W19-5302",
    pages = "62--90",
}
@inproceedings{rei-etal-2020-comet,
    title = "{COMET}: A Neural Framework for {MT} Evaluation",
    author = "Rei, Ricardo  and
      Stewart, Craig  and
      Farinha, Ana C  and
      Lavie, Alon",
    editor = "Webber, Bonnie  and
      Cohn, Trevor  and
      He, Yulan  and
      Liu, Yang",
    booktitle = "Proceedings of the 2020 Conference on Empirical Methods in Natural Language Processing (EMNLP)",
    month = nov,
    year = "2020",
    address = "Online",
    publisher = "Association for Computational Linguistics",
    url = "https://aclanthology.org/2020.emnlp-main.213",
    doi = "10.18653/v1/2020.emnlp-main.213",
    pages = "2685--2702",
}
@inproceedings{sun-etal-2022-bertscore,
    title = "{BERTS}core is Unfair: On Social Bias in Language Model-Based Metrics for Text Generation",
    author = "Sun, Tianxiang  and
      He, Junliang  and
      Qiu, Xipeng  and
      Huang, Xuanjing",
    editor = "Goldberg, Yoav  and
      Kozareva, Zornitsa  and
      Zhang, Yue",
    booktitle = "Proceedings of the 2022 Conference on Empirical Methods in Natural Language Processing",
    month = dec,
    year = "2022",
    address = "Abu Dhabi, United Arab Emirates",
    publisher = "Association for Computational Linguistics",
    url = "https://aclanthology.org/2022.emnlp-main.245",
    doi = "10.18653/v1/2022.emnlp-main.245",
    pages = "3726--3739",
}

@inproceedings{hanna-bojar-2021-fine,
    title = "A Fine-Grained Analysis of {BERTS}core",
    author = "Hanna, Michael  and
      Bojar, Ond{\v{r}}ej",
    editor = "Barrault, Loic  and
      Bojar, Ondrej  and
      Bougares, Fethi  and
      Chatterjee, Rajen  and
      Costa-jussa, Marta R.  and
      Federmann, Christian  and
      Fishel, Mark  and
      Fraser, Alexander  and
      Freitag, Markus  and
      Graham, Yvette  and
      Grundkiewicz, Roman  and
      Guzman, Paco  and
      Haddow, Barry  and
      Huck, Matthias  and
      Yepes, Antonio Jimeno  and
      Koehn, Philipp  and
      Kocmi, Tom  and
      Martins, Andre  and
      Morishita, Makoto  and
      Monz, Christof",
    booktitle = "Proceedings of the Sixth Conference on Machine Translation",
    month = nov,
    year = "2021",
    address = "Online",
    publisher = "Association for Computational Linguistics",
    url = "https://aclanthology.org/2021.wmt-1.59",
    pages = "507--517",
}

@misc{workshop2023bloom,
      title={BLOOM: A 176B-Parameter Open-Access Multilingual Language Model}, 
      author={BigScience Workshop and : and Teven Le Scao and Angela Fan and Christopher Akiki and Ellie Pavlick and Suzana Ilić and Daniel Hesslow and Roman Castagné and Alexandra Sasha Luccioni and François Yvon and Matthias Gallé and Jonathan Tow and Alexander M. Rush and Stella Biderman and Albert Webson and Pawan Sasanka Ammanamanchi and Thomas Wang and Benoît Sagot and Niklas Muennighoff and Albert Villanova del Moral and Olatunji Ruwase and Rachel Bawden and Stas Bekman and Angelina McMillan-Major and Iz Beltagy and Huu Nguyen and Lucile Saulnier and Samson Tan and Pedro Ortiz Suarez and Victor Sanh and Hugo Laurençon and Yacine Jernite and Julien Launay and Margaret Mitchell and Colin Raffel and Aaron Gokaslan and Adi Simhi and Aitor Soroa and Alham Fikri Aji and Amit Alfassy and Anna Rogers and Ariel Kreisberg Nitzav and Canwen Xu and Chenghao Mou and Chris Emezue and Christopher Klamm and Colin Leong and Daniel van Strien and David Ifeoluwa Adelani and Dragomir Radev and Eduardo González Ponferrada and Efrat Levkovizh and Ethan Kim and Eyal Bar Natan and Francesco De Toni and Gérard Dupont and Germán Kruszewski and Giada Pistilli and Hady Elsahar and Hamza Benyamina and Hieu Tran and Ian Yu and Idris Abdulmumin and Isaac Johnson and Itziar Gonzalez-Dios and Javier de la Rosa and Jenny Chim and Jesse Dodge and Jian Zhu and Jonathan Chang and Jörg Frohberg and Joseph Tobing and Joydeep Bhattacharjee and Khalid Almubarak and Kimbo Chen and Kyle Lo and Leandro Von Werra and Leon Weber and Long Phan and Loubna Ben allal and Ludovic Tanguy and Manan Dey and Manuel Romero Muñoz and Maraim Masoud and María Grandury and Mario Šaško and Max Huang and Maximin Coavoux and Mayank Singh and Mike Tian-Jian Jiang and Minh Chien Vu and Mohammad A. Jauhar and Mustafa Ghaleb and Nishant Subramani and Nora Kassner and Nurulaqilla Khamis and Olivier Nguyen and Omar Espejel and Ona de Gibert and Paulo Villegas and Peter Henderson and Pierre Colombo and Priscilla Amuok and Quentin Lhoest and Rheza Harliman and Rishi Bommasani and Roberto Luis López and Rui Ribeiro and Salomey Osei and Sampo Pyysalo and Sebastian Nagel and Shamik Bose and Shamsuddeen Hassan Muhammad and Shanya Sharma and Shayne Longpre and Somaieh Nikpoor and Stanislav Silberberg and Suhas Pai and Sydney Zink and Tiago Timponi Torrent and Timo Schick and Tristan Thrush and Valentin Danchev and Vassilina Nikoulina and Veronika Laippala and Violette Lepercq and Vrinda Prabhu and Zaid Alyafeai and Zeerak Talat and Arun Raja and Benjamin Heinzerling and Chenglei Si and Davut Emre Taşar and Elizabeth Salesky and Sabrina J. Mielke and Wilson Y. Lee and Abheesht Sharma and Andrea Santilli and Antoine Chaffin and Arnaud Stiegler and Debajyoti Datta and Eliza Szczechla and Gunjan Chhablani and Han Wang and Harshit Pandey and Hendrik Strobelt and Jason Alan Fries and Jos Rozen and Leo Gao and Lintang Sutawika and M Saiful Bari and Maged S. Al-shaibani and Matteo Manica and Nihal Nayak and Ryan Teehan and Samuel Albanie and Sheng Shen and Srulik Ben-David and Stephen H. Bach and Taewoon Kim and Tali Bers and Thibault Fevry and Trishala Neeraj and Urmish Thakker and Vikas Raunak and Xiangru Tang and Zheng-Xin Yong and Zhiqing Sun and Shaked Brody and Yallow Uri and Hadar Tojarieh and Adam Roberts and Hyung Won Chung and Jaesung Tae and Jason Phang and Ofir Press and Conglong Li and Deepak Narayanan and Hatim Bourfoune and Jared Casper and Jeff Rasley and Max Ryabinin and Mayank Mishra and Minjia Zhang and Mohammad Shoeybi and Myriam Peyrounette and Nicolas Patry and Nouamane Tazi and Omar Sanseviero and Patrick von Platen and Pierre Cornette and Pierre François Lavallée and Rémi Lacroix and Samyam Rajbhandari and Sanchit Gandhi and Shaden Smith and Stéphane Requena and Suraj Patil and Tim Dettmers and Ahmed Baruwa and Amanpreet Singh and Anastasia Cheveleva and Anne-Laure Ligozat and Arjun Subramonian and Aurélie Névéol and Charles Lovering and Dan Garrette and Deepak Tunuguntla and Ehud Reiter and Ekaterina Taktasheva and Ekaterina Voloshina and Eli Bogdanov and Genta Indra Winata and Hailey Schoelkopf and Jan-Christoph Kalo and Jekaterina Novikova and Jessica Zosa Forde and Jordan Clive and Jungo Kasai and Ken Kawamura and Liam Hazan and Marine Carpuat and Miruna Clinciu and Najoung Kim and Newton Cheng and Oleg Serikov and Omer Antverg and Oskar van der Wal and Rui Zhang and Ruochen Zhang and Sebastian Gehrmann and Shachar Mirkin and Shani Pais and Tatiana Shavrina and Thomas Scialom and Tian Yun and Tomasz Limisiewicz and Verena Rieser and Vitaly Protasov and Vladislav Mikhailov and Yada Pruksachatkun and Yonatan Belinkov and Zachary Bamberger and Zdeněk Kasner and Alice Rueda and Amanda Pestana and Amir Feizpour and Ammar Khan and Amy Faranak and Ana Santos and Anthony Hevia and Antigona Unldreaj and Arash Aghagol and Arezoo Abdollahi and Aycha Tammour and Azadeh HajiHosseini and Bahareh Behroozi and Benjamin Ajibade and Bharat Saxena and Carlos Muñoz Ferrandis and Daniel McDuff and Danish Contractor and David Lansky and Davis David and Douwe Kiela and Duong A. Nguyen and Edward Tan and Emi Baylor and Ezinwanne Ozoani and Fatima Mirza and Frankline Ononiwu and Habib Rezanejad and Hessie Jones and Indrani Bhattacharya and Irene Solaiman and Irina Sedenko and Isar Nejadgholi and Jesse Passmore and Josh Seltzer and Julio Bonis Sanz and Livia Dutra and Mairon Samagaio and Maraim Elbadri and Margot Mieskes and Marissa Gerchick and Martha Akinlolu and Michael McKenna and Mike Qiu and Muhammed Ghauri and Mykola Burynok and Nafis Abrar and Nazneen Rajani and Nour Elkott and Nour Fahmy and Olanrewaju Samuel and Ran An and Rasmus Kromann and Ryan Hao and Samira Alizadeh and Sarmad Shubber and Silas Wang and Sourav Roy and Sylvain Viguier and Thanh Le and Tobi Oyebade and Trieu Le and Yoyo Yang and Zach Nguyen and Abhinav Ramesh Kashyap and Alfredo Palasciano and Alison Callahan and Anima Shukla and Antonio Miranda-Escalada and Ayush Singh and Benjamin Beilharz and Bo Wang and Caio Brito and Chenxi Zhou and Chirag Jain and Chuxin Xu and Clémentine Fourrier and Daniel León Periñán and Daniel Molano and Dian Yu and Enrique Manjavacas and Fabio Barth and Florian Fuhrimann and Gabriel Altay and Giyaseddin Bayrak and Gully Burns and Helena U. Vrabec and Imane Bello and Ishani Dash and Jihyun Kang and John Giorgi and Jonas Golde and Jose David Posada and Karthik Rangasai Sivaraman and Lokesh Bulchandani and Lu Liu and Luisa Shinzato and Madeleine Hahn de Bykhovetz and Maiko Takeuchi and Marc Pàmies and Maria A Castillo and Marianna Nezhurina and Mario Sänger and Matthias Samwald and Michael Cullan and Michael Weinberg and Michiel De Wolf and Mina Mihaljcic and Minna Liu and Moritz Freidank and Myungsun Kang and Natasha Seelam and Nathan Dahlberg and Nicholas Michio Broad and Nikolaus Muellner and Pascale Fung and Patrick Haller and Ramya Chandrasekhar and Renata Eisenberg and Robert Martin and Rodrigo Canalli and Rosaline Su and Ruisi Su and Samuel Cahyawijaya and Samuele Garda and Shlok S Deshmukh and Shubhanshu Mishra and Sid Kiblawi and Simon Ott and Sinee Sang-aroonsiri and Srishti Kumar and Stefan Schweter and Sushil Bharati and Tanmay Laud and Théo Gigant and Tomoya Kainuma and Wojciech Kusa and Yanis Labrak and Yash Shailesh Bajaj and Yash Venkatraman and Yifan Xu and Yingxin Xu and Yu Xu and Zhe Tan and Zhongli Xie and Zifan Ye and Mathilde Bras and Younes Belkada and Thomas Wolf},
      year={2023},
      eprint={2211.05100},
      archivePrefix={arXiv},
      primaryClass={cs.CL}
}

@misc{chowdhery2022palm,
      title={PaLM: Scaling Language Modeling with Pathways}, 
      author={Aakanksha Chowdhery and Sharan Narang and Jacob Devlin and Maarten Bosma and Gaurav Mishra and Adam Roberts and Paul Barham and Hyung Won Chung and Charles Sutton and Sebastian Gehrmann and Parker Schuh and Kensen Shi and Sasha Tsvyashchenko and Joshua Maynez and Abhishek Rao and Parker Barnes and Yi Tay and Noam Shazeer and Vinodkumar Prabhakaran and Emily Reif and Nan Du and Ben Hutchinson and Reiner Pope and James Bradbury and Jacob Austin and Michael Isard and Guy Gur-Ari and Pengcheng Yin and Toju Duke and Anselm Levskaya and Sanjay Ghemawat and Sunipa Dev and Henryk Michalewski and Xavier Garcia and Vedant Misra and Kevin Robinson and Liam Fedus and Denny Zhou and Daphne Ippolito and David Luan and Hyeontaek Lim and Barret Zoph and Alexander Spiridonov and Ryan Sepassi and David Dohan and Shivani Agrawal and Mark Omernick and Andrew M. Dai and Thanumalayan Sankaranarayana Pillai and Marie Pellat and Aitor Lewkowycz and Erica Moreira and Rewon Child and Oleksandr Polozov and Katherine Lee and Zongwei Zhou and Xuezhi Wang and Brennan Saeta and Mark Diaz and Orhan Firat and Michele Catasta and Jason Wei and Kathy Meier-Hellstern and Douglas Eck and Jeff Dean and Slav Petrov and Noah Fiedel},
      year={2022},
      eprint={2204.02311},
      archivePrefix={arXiv},
      primaryClass={cs.CL}
}

@misc{ouyang2022training,
      title={Training language models to follow instructions with human feedback}, 
      author={Long Ouyang and Jeff Wu and Xu Jiang and Diogo Almeida and Carroll L. Wainwright and Pamela Mishkin and Chong Zhang and Sandhini Agarwal and Katarina Slama and Alex Ray and John Schulman and Jacob Hilton and Fraser Kelton and Luke Miller and Maddie Simens and Amanda Askell and Peter Welinder and Paul Christiano and Jan Leike and Ryan Lowe},
      year={2022},
      eprint={2203.02155},
      archivePrefix={arXiv},
      primaryClass={cs.CL}
}

@misc{wei2022finetuned,
      title={Finetuned Language Models Are Zero-Shot Learners}, 
      author={Jason Wei and Maarten Bosma and Vincent Y. Zhao and Kelvin Guu and Adams Wei Yu and Brian Lester and Nan Du and Andrew M. Dai and Quoc V. Le},
      year={2022},
      eprint={2109.01652},
      archivePrefix={arXiv},
      primaryClass={cs.CL}
}

@article{lin2023comparison,
  title={Comparison of GPT-3.5, GPT-4, and human user performance on a practice ophthalmology written examination},
  author={Lin, John C and Younessi, David N and Kurapati, Sai S and Tang, Oliver Y and Scott, Ingrid U},
  journal={Eye},
  volume={37},
  number={17},
  pages={3694--3695},
  year={2023},
  publisher={Nature Publishing Group UK London}
}

@misc{ye2023comprehensive,
      title={A Comprehensive Capability Analysis of GPT-3 and GPT-3.5 Series Models}, 
      author={Junjie Ye and Xuanting Chen and Nuo Xu and Can Zu and Zekai Shao and Shichun Liu and Yuhan Cui and Zeyang Zhou and Chao Gong and Yang Shen and Jie Zhou and Siming Chen and Tao Gui and Qi Zhang and Xuanjing Huang},
      year={2023},
      eprint={2303.10420},
      archivePrefix={arXiv},
      primaryClass={cs.CL}
}

@article{brown-at-al-2020,
  author       = {Tom B. Brown and
                  Benjamin Mann and
                  Nick Ryder and
                  Melanie Subbiah and
                  Jared Kaplan and
                  Prafulla Dhariwal and
                  Arvind Neelakantan and
                  Pranav Shyam and
                  Girish Sastry and
                  Amanda Askell and
                  Sandhini Agarwal and
                  Ariel Herbert{-}Voss and
                  Gretchen Krueger and
                  Tom Henighan and
                  Rewon Child and
                  Aditya Ramesh and
                  Daniel M. Ziegler and
                  Jeffrey Wu and
                  Clemens Winter and
                  Christopher Hesse and
                  Mark Chen and
                  Eric Sigler and
                  Mateusz Litwin and
                  Scott Gray and
                  Benjamin Chess and
                  Jack Clark and
                  Christopher Berner and
                  Sam McCandlish and
                  Alec Radford and
                  Ilya Sutskever and
                  Dario Amodei},
  title        = {Language Models are Few-Shot Learners},
  journal      = {CoRR},
  volume       = {abs/2005.14165},
  year         = {2020},
  url          = {https://arxiv.org/abs/2005.14165},
  eprinttype    = {arXiv},
  eprint       = {2005.14165},
  timestamp    = {Thu, 25 May 2023 10:38:31 +0200},
  biburl       = {https://dblp.org/rec/journals/corr/abs-2005-14165.bib},
  bibsource    = {dblp computer science bibliography, https://dblp.org}
}

@misc{zeng2023glm130b,
      title={GLM-130B: An Open Bilingual Pre-trained Model}, 
      author={Aohan Zeng and Xiao Liu and Zhengxiao Du and Zihan Wang and Hanyu Lai and Ming Ding and Zhuoyi Yang and Yifan Xu and Wendi Zheng and Xiao Xia and Weng Lam Tam and Zixuan Ma and Yufei Xue and Jidong Zhai and Wenguang Chen and Peng Zhang and Yuxiao Dong and Jie Tang},
      year={2023},
      eprint={2210.02414},
      archivePrefix={arXiv},
      primaryClass={cs.CL}
}

@misc{google_palm2_2023,
  author = {Google},
  title = {Palm 2},
  year = {2023},
  url = {https://ai.google/discover/palm2/},
}

@article{Zhang-at-al-bertscore,
  author       = {Tianyi Zhang and
                  Varsha Kishore and
                  Felix Wu and
                  Kilian Q. Weinberger and
                  Yoav Artzi},
  title        = {BERTScore: Evaluating Text Generation with {BERT}},
  journal      = {CoRR},
  volume       = {abs/1904.09675},
  year         = {2019},
  url          = {http://arxiv.org/abs/1904.09675},
  eprinttype    = {arXiv},
  eprint       = {1904.09675},
  timestamp    = {Wed, 03 Jun 2020 10:08:39 +0200},
  biburl       = {https://dblp.org/rec/journals/corr/abs-1904-09675.bib},
  bibsource    = {dblp computer science bibliography, https://dblp.org}
}

@inproceedings{snover-etal-2006-study,
    title = "A Study of Translation Edit Rate with Targeted Human Annotation",
    author = "Snover, Matthew  and
      Dorr, Bonnie  and
      Schwartz, Rich  and
      Micciulla, Linnea  and
      Makhoul, John",
    booktitle = "Proceedings of the 7th Conference of the Association for Machine Translation in the Americas: Technical Papers",
    month = aug,
    year = "2006",
    address = "Cambridge, Massachusetts, USA",
    publisher = "Association for Machine Translation in the Americas",
    url = "https://aclanthology.org/2006.amta-papers.25",
    pages = "223--231",
}


@inproceedings{papineni-etal-2002-bleu,
    title = "{B}leu: a Method for Automatic Evaluation of Machine Translation",
    author = "Papineni, Kishore  and
      Roukos, Salim  and
      Ward, Todd  and
      Zhu, Wei-Jing",
    editor = "Isabelle, Pierre  and
      Charniak, Eugene  and
      Lin, Dekang",
    booktitle = "Proceedings of the 40th Annual Meeting of the Association for Computational Linguistics",
    month = jul,
    year = "2002",
    address = "Philadelphia, Pennsylvania, USA",
    publisher = "Association for Computational Linguistics",
    url = "https://aclanthology.org/P02-1040",
    doi = "10.3115/1073083.1073135",
    pages = "311--318",
}


@inproceedings{banerjee-lavie-2005-meteor,
    title = "{METEOR}: An Automatic Metric for {MT} Evaluation with Improved Correlation with Human Judgments",
    author = "Banerjee, Satanjeev  and
      Lavie, Alon",
    editor = "Goldstein, Jade  and
      Lavie, Alon  and
      Lin, Chin-Yew  and
      Voss, Clare",
    booktitle = "Proceedings of the {ACL} Workshop on Intrinsic and Extrinsic Evaluation Measures for Machine Translation and/or Summarization",
    month = jun,
    year = "2005",
    address = "Ann Arbor, Michigan",
    publisher = "Association for Computational Linguistics",
    url = "https://aclanthology.org/W05-0909",
    pages = "65--72",
}


@article{Kittredge2002KringsHP,
  title={Krings, Hans P. (2001): Repairing Texts: Empirical Investigations of Machine Translation Post-Editing Processes (Geoffrey S. Koby, ed.), The Kent State University Press, Kent, Ohio \& London, 558 p.},
  author={Richard I. Kittredge},
  journal={Meta: Translators' Journal},
  year={2002},
  volume={47},
  pages={435-436},
  url={https://api.semanticscholar.org/CorpusID:116959018}
}

@inproceedings{Roturier2006AnII,
  title={An investigation into the impact of controlled English rules on the comprehensibility, usefulness and acceptability of machine-translated technical documentation for French and German users},
  author={Johann Roturier},
  year={2006},
  url={https://api.semanticscholar.org/CorpusID:343975}
}

@inproceedings{luri-2016-kantanlqr,
    title = "{K}antan{LQR}: a platform for human evaluation of machine translation output to drive engine rapid improvement",
    author = "Luri, Laura Casanellas",
    booktitle = "Proceedings of the 19th Annual Conference of the European Association for Machine Translation: Projects/Products",
    year = "2016",
    address = "Riga, Latvia",
    publisher = "Baltic Journal of Modern Computing",
    url = "https://aclanthology.org/2016.eamt-2.13",
}
@article{Moorkens-2018,
author = {Joss Moorkens},
title = {What to expect from Neural Machine Translation: a practical in-class translation evaluation exercise},
journal = {The Interpreter and Translator Trainer},
volume = {12},
number = {4},
pages = {375--387},
year = {2018},
publisher = {Routledge},
doi = {10.1080/1750399X.2018.1501639},
URL = {https://doi.org/10.1080/1750399X.2018.1501639},
eprint = {https://doi.org/10.1080/1750399X.2018.1501639}
}

@incollection{Rossi2022,
  author = {Rossi, Caroline and Carré, Alice},
  title = {How to choose a suitable neural machine translation solution: Evaluation of MT quality},
  booktitle = {Machine translation for everyone: Empowering users in the age of artificial intelligence},
  editor = {Kenny, Dorothy},
  pages = {51--79},
  publisher = {Language Science Press},
  address = {Berlin},
  doi = {10.5281/zenodo.6759978},
  year = {2022}
}


@inproceedings{yuhan-etal-2023-unleashing,
    title = "Unleashing the Power of Large Models: Exploring Human-Machine Conversations",
    author = "Yuhan, Liu  and
      Xiuying, Chen  and
      Rui, Yan",
    editor = "Zhang, Jiajun",
    booktitle = "Proceedings of the 22nd Chinese National Conference on Computational Linguistics (Volume 2: Frontier Forum)",
    month = aug,
    year = "2023",
    address = "Harbin, China",
    publisher = "Chinese Information Processing Society of China",
    url = "https://aclanthology.org/2023.ccl-2.2",
    pages = "16--29",
    language = "English",
}

@misc{chung2022scaling,
      title={Scaling Instruction-Finetuned Language Models}, 
      author={Hyung Won Chung and Le Hou and Shayne Longpre and Barret Zoph and Yi Tay and William Fedus and Yunxuan Li and Xuezhi Wang and Mostafa Dehghani and Siddhartha Brahma and Albert Webson and Shixiang Shane Gu and Zhuyun Dai and Mirac Suzgun and Xinyun Chen and Aakanksha Chowdhery and Alex Castro-Ros and Marie Pellat and Kevin Robinson and Dasha Valter and Sharan Narang and Gaurav Mishra and Adams Yu and Vincent Zhao and Yanping Huang and Andrew Dai and Hongkun Yu and Slav Petrov and Ed H. Chi and Jeff Dean and Jacob Devlin and Adam Roberts and Denny Zhou and Quoc V. Le and Jason Wei},
      year={2022},
      eprint={2210.11416},
      archivePrefix={arXiv},
      primaryClass={cs.LG}
}

@misc{naveed2024comprehensive,
      title={A Comprehensive Overview of Large Language Models}, 
      author={Humza Naveed and Asad Ullah Khan and Shi Qiu and Muhammad Saqib and Saeed Anwar and Muhammad Usman and Naveed Akhtar and Nick Barnes and Ajmal Mian},
      year={2024},
      eprint={2307.06435},
      archivePrefix={arXiv},
      primaryClass={cs.CL}
}

@misc{bawden2023investigating,
      title={Investigating the Translation Performance of a Large Multilingual Language Model: the Case of BLOOM}, 
      author={Rachel Bawden and François Yvon},
      year={2023},
      eprint={2303.01911},
      archivePrefix={arXiv},
      primaryClass={cs.CL}
}

@misc{vilar2023prompting,
      title={Prompting PaLM for Translation: Assessing Strategies and Performance}, 
      author={David Vilar and Markus Freitag and Colin Cherry and Jiaming Luo and Viresh Ratnakar and George Foster},
      year={2023},
      eprint={2211.09102},
      archivePrefix={arXiv},
      primaryClass={cs.CL}
}

@misc{garcia2023unreasonable,
      title={The unreasonable effectiveness of few-shot learning for machine translation}, 
      author={Xavier Garcia and Yamini Bansal and Colin Cherry and George Foster and Maxim Krikun and Fangxiaoyu Feng and Melvin Johnson and Orhan Firat},
      year={2023},
      eprint={2302.01398},
      archivePrefix={arXiv},
      primaryClass={cs.CL}
}

@inproceedings{Radford2019LanguageMA,
  title={Language Models are Unsupervised Multitask Learners},
  author={Alec Radford and Jeff Wu and Rewon Child and David Luan and Dario Amodei and Ilya Sutskever},
  year={2019},
  url={https://api.semanticscholar.org/CorpusID:160025533}
}

@inproceedings{zhou-etal-2022-prompt,
    title = "Prompt Consistency for Zero-Shot Task Generalization",
    author = "Zhou, Chunting  and
      He, Junxian  and
      Ma, Xuezhe  and
      Berg-Kirkpatrick, Taylor  and
      Neubig, Graham",
    editor = "Goldberg, Yoav  and
      Kozareva, Zornitsa  and
      Zhang, Yue",
    booktitle = "Findings of the Association for Computational Linguistics: EMNLP 2022",
    month = dec,
    year = "2022",
    address = "Abu Dhabi, United Arab Emirates",
    publisher = "Association for Computational Linguistics",
    url = "https://aclanthology.org/2022.findings-emnlp.192",
    doi = "10.18653/v1/2022.findings-emnlp.192",
    pages = "2613--2626",
}

@inproceedings{qiao-etal-2023,
    title = "Reasoning with Language Model Prompting: A Survey",
    author = "Qiao, Shuofei  and
      Ou, Yixin  and
      Zhang, Ningyu  and
      Chen, Xiang  and
      Yao, Yunzhi  and
      Deng, Shumin  and
      Tan, Chuanqi  and
      Huang, Fei  and
      Chen, Huajun",
    editor = "Rogers, Anna  and
      Boyd-Graber, Jordan  and
      Okazaki, Naoaki",
    booktitle = "Proceedings of the 61st Annual Meeting of the Association for Computational Linguistics (Volume 1: Long Papers)",
    month = jul,
    year = "2023",
    address = "Toronto, Canada",
    publisher = "Association for Computational Linguistics",
    url = "https://aclanthology.org/2023.acl-long.294",
    doi = "10.18653/v1/2023.acl-long.294",
    pages = "5368--5393",
}


@misc{zhao2023survey,
      title={A Survey of Large Language Models}, 
      author={Wayne Xin Zhao and Kun Zhou and Junyi Li and Tianyi Tang and Xiaolei Wang and Yupeng Hou and Yingqian Min and Beichen Zhang and Junjie Zhang and Zican Dong and Yifan Du and Chen Yang and Yushuo Chen and Zhipeng Chen and Jinhao Jiang and Ruiyang Ren and Yifan Li and Xinyu Tang and Zikang Liu and Peiyu Liu and Jian-Yun Nie and Ji-Rong Wen},
      year={2023},
      eprint={2303.18223},
      archivePrefix={arXiv},
      primaryClass={cs.CL}
}

@misc{lakew2019multilingual,
      title={Multilingual Neural Machine Translation for Zero-Resource Languages}, 
      author={Surafel M. Lakew and Marcello Federico and Matteo Negri and Marco Turchi},
      year={2019},
      eprint={1909.07342},
      archivePrefix={arXiv},
      primaryClass={cs.CL}
}

@article{cho2014properties,
  title={On the properties of neural machine translation: Encoder-decoder approaches},
  author={Cho, Kyunghyun and Van Merri{\"e}nboer, Bart and Bahdanau, Dzmitry and Bengio, Yoshua},
  journal={arXiv preprint arXiv:1409.1259},
  year={2014}
}

@article{pouget2014overcoming,
  title={Overcoming the curse of sentence length for neural machine translation using automatic segmentation},
  author={Pouget-Abadie, Jean and Bahdanau, Dzmitry and Van Merrienboer, Bart and Cho, Kyunghyun and Bengio, Yoshua},
  journal={arXiv preprint arXiv:1409.1257},
  year={2014}
}

@inproceedings{varis-bojar-2021,
    title = "Sequence Length is a Domain: Length-based Overfitting in Transformer Models",
    author = "Varis, Dusan  and
      Bojar, Ond{\v{r}}ej",
    editor = "Moens, Marie-Francine  and
      Huang, Xuanjing  and
      Specia, Lucia  and
      Yih, Scott Wen-tau",
    booktitle = "Proceedings of the 2021 Conference on Empirical Methods in Natural Language Processing",
    month = nov,
    year = "2021",
    address = "Online and Punta Cana, Dominican Republic",
    publisher = "Association for Computational Linguistics",
    url = "https://aclanthology.org/2021.emnlp-main.650",
    doi = "10.18653/v1/2021.emnlp-main.650",
    pages = "8246--8257",
}


@inproceedings{sennrich-etal-2016-neural,
    title = "Neural Machine Translation of Rare Words with Subword Units",
    author = "Sennrich, Rico  and
      Haddow, Barry  and
      Birch, Alexandra",
    editor = "Erk, Katrin  and
      Smith, Noah A.",
    booktitle = "Proceedings of the 54th Annual Meeting of the Association for Computational Linguistics (Volume 1: Long Papers)",
    month = aug,
    year = "2016",
    address = "Berlin, Germany",
    publisher = "Association for Computational Linguistics",
    url = "https://aclanthology.org/P16-1162",
    doi = "10.18653/v1/P16-1162",
    pages = "1715--1725",
}

@inproceedings{matusov2019customizing,
  title={Customizing neural machine translation for subtitling},
  author={Matusov, Evgeny and Wilken, Patrick and Georgakopoulou, Yota},
  booktitle={Proceedings of the Fourth Conference on Machine Translation (Volume 1: Research Papers)},
  pages={82--93},
  year={2019}
}

@inproceedings{mirkin2015personalized,
  title={Personalized machine translation: Predicting translational preferences},
  author={Mirkin, Shachar and Meunier, Jean-Luc},
  booktitle={Proceedings of the 2015 Conference on Empirical Methods in Natural Language Processing},
  pages={2019--2025},
  year={2015}
}

@inproceedings{koehn-knowles-2017-six,
    title = "Six Challenges for Neural Machine Translation",
    author = "Koehn, Philipp  and
      Knowles, Rebecca",
    editor = "Luong, Thang  and
      Birch, Alexandra  and
      Neubig, Graham  and
      Finch, Andrew",
    booktitle = "Proceedings of the First Workshop on Neural Machine Translation",
    month = aug,
    year = "2017",
    address = "Vancouver",
    publisher = "Association for Computational Linguistics",
    url = "https://aclanthology.org/W17-3204",
    doi = "10.18653/v1/W17-3204",
    pages = "28--39",
}

@article{LuongPM15,
  author       = {Minh{-}Thang Luong and
                  Hieu Pham and
                  Christopher D. Manning},
  title        = {Effective Approaches to Attention-based Neural Machine Translation},
  journal      = {CoRR},
  volume       = {abs/1508.04025},
  year         = {2015},
  url          = {http://arxiv.org/abs/1508.04025},
  eprinttype    = {arXiv},
  eprint       = {1508.04025},
  timestamp    = {Mon, 13 Aug 2018 16:46:14 +0200},
  biburl       = {https://dblp.org/rec/journals/corr/LuongPM15.bib},
  bibsource    = {dblp computer science bibliography, https://dblp.org}
}

@article{FreitagA16,
  author       = {Markus Freitag and
                  Yaser Al{-}Onaizan},
  title        = {Fast Domain Adaptation for Neural Machine Translation},
  journal      = {CoRR},
  volume       = {abs/1612.06897},
  year         = {2016},
  url          = {http://arxiv.org/abs/1612.06897},
  eprinttype    = {arXiv},
  eprint       = {1612.06897},
  timestamp    = {Mon, 13 Aug 2018 16:48:24 +0200},
  biburl       = {https://dblp.org/rec/journals/corr/FreitagA16.bib},
  bibsource    = {dblp computer science bibliography, https://dblp.org}
}

@misc{luong2015effective,
      title={Effective Approaches to Attention-based Neural Machine Translation}, 
      author={Minh-Thang Luong and Hieu Pham and Christopher D. Manning},
      year={2015},
      eprint={1508.04025},
      archivePrefix={arXiv},
      primaryClass={cs.CL}
}

@inproceedings{Vaswani-2017,
 author = {Vaswani, Ashish and Shazeer, Noam and Parmar, Niki and Uszkoreit, Jakob and Jones, Llion and Gomez, Aidan N and Kaiser, \L ukasz and Polosukhin, Illia},
 booktitle = {Advances in Neural Information Processing Systems},
 editor = {I. Guyon and U. Von Luxburg and S. Bengio and H. Wallach and R. Fergus and S. Vishwanathan and R. Garnett},
 pages = {},
 publisher = {Curran Associates, Inc.},
 title = {Attention is All you Need},
 url = {https://proceedings.neurips.cc/paper_files/paper/2017/file/3f5ee243547dee91fbd053c1c4a845aa-Paper.pdf},
 volume = {30},
 year = {2017}
}

@misc{sutskever2014sequence,
      title={Sequence to Sequence Learning with Neural Networks}, 
      author={Ilya Sutskever and Oriol Vinyals and Quoc V. Le},
      year={2014},
      eprint={1409.3215},
      archivePrefix={arXiv},
      primaryClass={cs.CL}
}

@book{langacker1987foundations,
  title={Foundations of cognitive grammar: Volume I: Theoretical prerequisites},
  author={Langacker, Ronald W},
  volume={1},
  year={1987},
  publisher={Stanford university press}
}

@inproceedings{reimers-2020-multilingual-sentence-bert,
    title = "Making Monolingual Sentence Embeddings Multilingual using Knowledge Distillation",
    author = "Reimers, Nils and Gurevych, Iryna",
    booktitle = "Proceedings of the 2020 Conference on Empirical Methods in Natural Language Processing",
    month = "11",
    year = "2020",
    publisher = "Association for Computational Linguistics",
    url = "https://arxiv.org/abs/2004.09813",
}

@inproceedings{tiedemann-2012-parallel,
    title = "Parallel Data, Tools and Interfaces in {OPUS}",
    author = {Tiedemann, J{\"o}rg},
    editor = "Calzolari, Nicoletta  and
      Choukri, Khalid  and
      Declerck, Thierry  and
      Do{\u{g}}an, Mehmet U{\u{g}}ur  and
      Maegaard, Bente  and
      Mariani, Joseph  and
      Moreno, Asuncion  and
      Odijk, Jan  and
      Piperidis, Stelios",
    booktitle = "Proceedings of the Eighth International Conference on Language Resources and Evaluation ({LREC}'12)",
    month = may,
    year = "2012",
    address = "Istanbul, Turkey",
    publisher = "European Language Resources Association (ELRA)",
    url = "http://www.lrec-conf.org/proceedings/lrec2012/pdf/463_Paper.pdf",
    pages = "2214--2218",
}

@inproceedings{oncevay-etal-2020-bridging,
    title = "Bridging Linguistic Typology and Multilingual Machine Translation with Multi-View Language Representations",
    author = "Oncevay, Arturo  and
      Haddow, Barry  and
      Birch, Alexandra",
    editor = "Webber, Bonnie  and
      Cohn, Trevor  and
      He, Yulan  and
      Liu, Yang",
    booktitle = "Proceedings of the 2020 Conference on Empirical Methods in Natural Language Processing (EMNLP)",
    month = nov,
    year = "2020",
    address = "Online",
    publisher = "Association for Computational Linguistics",
    url = "https://aclanthology.org/2020.emnlp-main.187",
    doi = "10.18653/v1/2020.emnlp-main.187",
    pages = "2391--2406",
}

@inproceedings{oliveira2012cognitive,
  title={Cognitive Relations in the Semantics of Brazilian-Portuguese Preposition em},
  author={Oliveira, Aparecida},
  booktitle={Selected Papers from UK-CLA Meetings},
  year={2012},
  volume={1},
  pages={19--45}
}


@book{bruckfield2011prepositions,
  title={Prepositions: The Ultimate Book-Mastering English Prepositions},
  author={Bruckfield, Andrew},
  year={2011},
  publisher={Lulu. com}
}

@article{ozcaliskan-2015,
author = {Ozcaliskan, Seyda},
year = {2015},
month = {03},
pages = {485--508},
title = {Ways of crossing a spatial boundary in typologically distinct languages},
volume = {36},
journal = {Applied Psycholinguistics},
doi = {10.1017/S0142716413000325}
}

@article{rojo-lopez-2005,
author = {Rojo López, Ana and Valenzuela, Javier},
year = {2005},
month = {12},
pages = {219-243},
title = {Verbs of sensory perception: An English-Spanish comparison},
volume = {5},
journal = {Languages in Contrast},
doi = {10.1075/lic.5.2.03lop}
}

@inproceedings{dobnik2018exploring,
  title={Exploring the functional and geometric bias of spatial relations using neural language models},
  author={Dobnik, Simon and Ghanimifard, Mehdi and Kelleher, John},
  booktitle={Proceedings of the First International Workshop on Spatial Language Understanding},
  pages={1--11},
  year={2018}
}

@incollection{zlatev-spatial,
    author = {Zlatev, Jordan},
    isbn = {9780199738632},
    title = "{Spatial Semantics}",
    booktitle = "{The Oxford Handbook of Cognitive Linguistics}",
    chapter = {13},
    pages = {318-350},
    publisher = {Oxford University Press},
    year = {2010},
    month = {06},
    doi = {10.1093/oxfordhb/9780199738632.013.0013},
    url = {https://doi.org/10.1093/oxfordhb/9780199738632.013.0013},
}

@ARTICLE{economist2017,
  title = {Language: Finding a voice},
  author = {Lane Greene, Robert},
  journal = {The Economist},
  year = {2017},
  month = {05},
  day = {01},
  url = {https://www.economist.com/technology-quarterly/2017-05-01/language}
}

@article{Burchardt2016,
author = {Burchardt, Aljoscha and Lommel, Arle and Bywood, Lindsay and Harris, Kim and Popovic, Maja},
year = {2016},
month = {08},
title = {Machine translation quality in an audiovisual context},
volume = {28},
issue = {2},
pages = {206--221},
journal = {Target},
doi = {10.1075/target.28.2.03bur}
}

@inproceedings{dalayli-2023-use,
    title = "Use of {NLP} Techniques in Translation by {C}hat{GPT}: Case Study",
    author = "Dalayli, Feyza",
    editor = "Haddad, Amal Haddad  and
      Terryn, Ayla Rigouts  and
      Mitkov, Ruslan  and
      Rapp, Reinhard  and
      Zweigenbaum, Pierre  and
      Sharoff, Serge",
    booktitle = "Proceedings of the Workshop on Computational Terminology in NLP and Translation Studies (ConTeNTS) Incorporating the 16th Workshop on Building and Using Comparable Corpora (BUCC)",
    month = sep,
    year = "2023",
    address = "Varna, Bulgaria",
    publisher = "INCOMA Ltd., Shoumen, Bulgaria",
    url = "https://aclanthology.org/2023.contents-1.3",
    pages = "19--25",
}

@inbook{kenny2022human,
  title={Human and machine translation},
  author={Kenny, Dorothy},
  booktitle={Machine translation for everyone: Empowering users in the age of artificial intelligence},
  publisher={Language Science Press},
  address={Berlin},
  editor={Kenny, Dorothy},  
  chapter={2},  
  pages={23--49},  
  year={2022},
  doi={10.5281/zenodo.6759976} 
}

@inproceedings{liu-etal-2023-revisiting,
    title = "Revisiting the Gold Standard: Grounding Summarization Evaluation with Robust Human Evaluation",
    author = "Liu, Yixin  and
      Fabbri, Alex  and
      Liu, Pengfei  and
      Zhao, Yilun  and
      Nan, Linyong  and
      Han, Ruilin  and
      Han, Simeng  and
      Joty, Shafiq  and
      Wu, Chien-Sheng  and
      Xiong, Caiming  and
      Radev, Dragomir",
    editor = "Rogers, Anna  and
      Boyd-Graber, Jordan  and
      Okazaki, Naoaki",
    booktitle = "Proceedings of the 61st Annual Meeting of the Association for Computational Linguistics (Volume 1: Long Papers)",
    month = jul,
    year = "2023",
    address = "Toronto, Canada",
    publisher = "Association for Computational Linguistics",
    url = "https://aclanthology.org/2023.acl-long.228",
    doi = "10.18653/v1/2023.acl-long.228",
    pages = "4140--4170",
}

@inproceedings{matusov-etal-2019-customizing,
    title = "Customizing Neural Machine Translation for Subtitling",
    author = "Matusov, Evgeny  and
      Wilken, Patrick  and
      Georgakopoulou, Yota",
    editor = "Bojar, Ond{\v{r}}ej  and
      Chatterjee, Rajen  and
      Federmann, Christian  and
      Fishel, Mark  and
      Graham, Yvette  and
      Haddow, Barry  and
      Huck, Matthias  and
      Yepes, Antonio Jimeno  and
      Koehn, Philipp  and
      Martins, Andr{\'e}  and
      Monz, Christof  and
      Negri, Matteo  and
      N{\'e}v{\'e}ol, Aur{\'e}lie  and
      Neves, Mariana  and
      Post, Matt  and
      Turchi, Marco  and
      Verspoor, Karin",
    booktitle = "Proceedings of the Fourth Conference on Machine Translation (Volume 1: Research Papers)",
    month = aug,
    year = "2019",
    address = "Florence, Italy",
    publisher = "Association for Computational Linguistics",
    url = "https://aclanthology.org/W19-5209",
    doi = "10.18653/v1/W19-5209",
    pages = "82--93",
}

@inproceedings{fernandes-etal-2024-spatial,
    title = "Spatial Information Challenges in {E}nglish to {P}ortuguese Machine Translation",
    author = "Fernandes, Rafael  and
      Souza, Rodrigo  and
      Lopes, Marcos  and
      Santos, Paulo  and
      Finbow, Thomas",
    editor = "Gamallo, Pablo  and
      Claro, Daniela  and
      Teixeira, Ant{\'o}nio  and
      Real, Livy  and
      Garcia, Marcos  and
      Oliveira, Hugo Gon{\c{c}}alo  and
      Amaro, Raquel",
    booktitle = "Proceedings of the 16th International Conference on Computational Processing of Portuguese",
    month = mar,
    year = "2024",
    address = "Santiago de Compostela, Galicia/Spain",
    publisher = "Association for Computational Lingustics",
    url = "https://aclanthology.org/2024.propor-1.71",
    pages = "620--626",
}

@article{TAN20205,
title = {Neural machine translation: A review of methods, resources, and tools},
journal = {AI Open},
volume = {1},
pages = {5-21},
year = {2020},
issn = {2666-6510},
doi = {https://doi.org/10.1016/j.aiopen.2020.11.001},
url = {https://www.sciencedirect.com/science/article/pii/S2666651020300024},
author = {Zhixing Tan and Shuo Wang and Zonghan Yang and Gang Chen and Xuancheng Huang and Maosong Sun and Yang Liu},
keywords = {neural Machine translation, Attention mechanism, Deep learning, Natural language processing},
}

@inproceedings{lavie-agarwal-2007-meteor,
    title = "{METEOR}: An Automatic Metric for {MT} Evaluation with High Levels of Correlation with Human Judgments",
    author = "Lavie, Alon  and
      Agarwal, Abhaya",
    editor = "Callison-Burch, Chris  and
      Koehn, Philipp  and
      Fordyce, Cameron Shaw  and
      Monz, Christof",
    booktitle = "Proceedings of the Second Workshop on Statistical Machine Translation",
    month = jun,
    year = "2007",
    address = "Prague, Czech Republic",
    publisher = "Association for Computational Linguistics",
    url = "https://aclanthology.org/W07-0734",
    pages = "228--231",
}

@misc{googletranslatemodels,
  author = {Google Cloud},
  title = {Evaluating Models},
  url = {https://cloud.google.com/translate/automl/docs/evaluate},
  year = {},
  note = {Accessed March 1, 2024},
}

@misc{zhang2020bertscore,
      title={BERTScore: Evaluating Text Generation with BERT}, 
      author={Tianyi Zhang and Varsha Kishore and Felix Wu and Kilian Q. Weinberger and Yoav Artzi},
      year={2020},
      eprint={1904.09675},
      archivePrefix={arXiv},
      primaryClass={cs.CL}
}

@book{cintas2020subtitling,
  title={Subtitling: Concepts and Practices},
  author={Cintas, Jorge Díaz and Remael, Aline},
  isbn={9781317378686},
  series={Translation Practices Explained},
  url={https://books.google.com.br/books?id=VrwfEAAAQBAJ},
  year={2020},
  publisher={Taylor \& Francis}
}

@book{Searle1995-SEATCO,
	author = {John R. Searle},
	editor = {},
	publisher = {Free Press},
	title = {The Construction of Social Reality},
	year = {1995}
}

@book{austin1962how,
  added-at = {2013-08-04T14:36:29.000+0200},
  author = {Austin, John Langshaw},
  biburl = {https://www.bibsonomy.org/bibtex/24d84385e4dd3d9b870d7fec2d8afd197/porta},
  file = {austin1962how.pdf:austin1962how.pdf:PDF},
  groups = {public},
  interhash = {63fdb4ecfc0f5cf8546b4547a0bbdc68},
  intrahash = {4d84385e4dd3d9b870d7fec2d8afd197},
  keywords = {act dialogue speech theory},
  publisher = {Oxford University Press},
  series = {William James Lectures},
  timestamp = {2013-08-09T11:53:22.000+0200},
  title = {How to do things with words},
  url = {http://scholar.google.de/scholar.bib?q=info:xI2JvixH8_QJ:scholar.google.com/&output=citation&hl=de&as_sdt=0,5&ct=citation&cd=1},
  username = {porta},
  year = {1962}
}

@incollection{house2014translation,
  title={Translation quality assessment: Past and present},
  author={House, Juliane},
  booktitle={Translation: A multidisciplinary approach},
  pages={241--264},
  year={2014},
  publisher={Springer}
}

@inbook{popovic-2018,
    author = {Popović, Maja},
    year = {2018},
    publisher = {Springer International Publishing AG},
    year={2018},
    doi={10.1007/978-3-319-91241-7_7},
    editor = {Joss Moorkens and Sheila Castilho and Federico Gaspari and Stephen Doherty},
    booktitle = {Translation Quality Assessment: From Principles to Practice},
    series = {Machine Translation: Technologies and Applications},
    volume = {1},
    pages = {129--158},
    title = {Error Classification and Analysis for Machine Translation Quality Assessment},
    isbn = {978-3-319-91240-0},
    doi = {10.1007/978-3-319-91241-7_7},
}

@inproceedings{kaster-etal-2021-global,
    title = "Global Explainability of {BERT}-Based Evaluation Metrics by Disentangling along Linguistic Factors",
    author = "Kaster, Marvin  and
      Zhao, Wei  and
      Eger, Steffen",
    editor = "Moens, Marie-Francine  and
      Huang, Xuanjing  and
      Specia, Lucia  and
      Yih, Scott Wen-tau",
    booktitle = "Proceedings of the 2021 Conference on Empirical Methods in Natural Language Processing",
    month = nov,
    year = "2021",
    address = "Online and Punta Cana, Dominican Republic",
    publisher = "Association for Computational Linguistics",
    url = "https://aclanthology.org/2021.emnlp-main.701",
    doi = "10.18653/v1/2021.emnlp-main.701",
    pages = "8912--8925",
}

@inproceedings{karakanta-etal-2020-42,
    title = "Is 42 the Answer to Everything in Subtitling-oriented Speech Translation?",
    author = "Karakanta, Alina  and
      Negri, Matteo  and
      Turchi, Marco",
    editor = {Federico, Marcello  and
      Waibel, Alex  and
      Knight, Kevin  and
      Nakamura, Satoshi  and
      Ney, Hermann  and
      Niehues, Jan  and
      St{\"u}ker, Sebastian  and
      Wu, Dekai  and
      Mariani, Joseph  and
      Yvon, Francois},
    booktitle = "Proceedings of the 17th International Conference on Spoken Language Translation",
    month = jul,
    year = "2020",
    address = "Online",
    publisher = "Association for Computational Linguistics",
    url = "https://aclanthology.org/2020.iwslt-1.26",
    doi = "10.18653/v1/2020.iwslt-1.26",
    pages = "209--219"
}


@article{Beigman-Klebanov2009,
    author = {Beigman Klebanov, Beata and Beigman, Eyal},
    title = "{From Annotator Agreement to Noise Models}",
    journal = {Computational Linguistics},
    volume = {35},
    number = {4},
    pages = {495-503},
    year = {2009},
    month = {12},
    issn = {0891-2017},
    doi = {10.1162/coli.2009.35.4.35402},
    url = {https://doi.org/10.1162/coli.2009.35.4.35402},
    eprint = {https://direct.mit.edu/coli/article-pdf/35/4/495/1798669/coli.2009.35.4.35402.pdf},
}


@inproceedings{lee-liang-2022, 
author = {Lee, Mina and Liang, Percy and Yang, Qian}, title = {CoAuthor: Designing a Human-AI Collaborative Writing Dataset for Exploring Language Model Capabilities}, year = {2022}, isbn = {9781450391573}, publisher = {Association for Computing Machinery}, address = {New York, NY, USA}, url = {https://doi.org/10.1145/3491102.3502030}, doi = {10.1145/3491102.3502030}, booktitle = {Proceedings of the 2022 CHI Conference on Human Factors in Computing Systems}, articleno = {388}, numpages = {19}, keywords = {GPT-3, Human-AI collaborative writing, crowdsourcing, dataset, language models, natural language generation, writing assistants.}, location = {, New Orleans, LA, USA, }, series = {CHI '22} }


@inproceedings{comsa2023benchmark,
  author    = {Iulia-Maria Comșa and Srini Narayanan},
  title     = {A Benchmark for Reasoning with Spatial Prepositions},
  booktitle = {Proceedings of the 2023 Conference on Empirical Methods in Natural Language Processing},
  pages     = {16328--16335},
  month = dec,
  year = "2023",
  publisher = "Association for Computational Linguistics",
}


@inproceedings{bartsch-etal-2023-self,
    title = "Self-Consistency of Large Language Models under Ambiguity",
    author = "Bartsch, Henning  and
      Jorgensen, Ole  and
      Rosati, Domenic  and
      Hoelscher-Obermaier, Jason  and
      Pfau, Jacob",
    editor = "Belinkov, Yonatan  and
      Hao, Sophie  and
      Jumelet, Jaap  and
      Kim, Najoung  and
      McCarthy, Arya  and
      Mohebbi, Hosein",
    booktitle = "Proceedings of the 6th BlackboxNLP Workshop: Analyzing and Interpreting Neural Networks for NLP",
    month = dec,
    year = "2023",
    address = "Singapore",
    publisher = "Association for Computational Linguistics",
    url = "https://aclanthology.org/2023.blackboxnlp-1.7",
    doi = "10.18653/v1/2023.blackboxnlp-1.7",
    pages = "89--105",
}

@inproceedings{aina-etal-2019-putting,
    title = "Putting Words in Context: {LSTM} Language Models and Lexical Ambiguity",
    author = "Aina, Laura  and
      Gulordava, Kristina  and
      Boleda, Gemma",
    editor = "Korhonen, Anna  and
      Traum, David  and
      M{\`a}rquez, Llu{\'\i}s",
    booktitle = "Proceedings of the 57th Annual Meeting of the Association for Computational Linguistics",
    month = jul,
    year = "2019",
    address = "Florence, Italy",
    publisher = "Association for Computational Linguistics",
    url = "https://aclanthology.org/P19-1324",
    doi = "10.18653/v1/P19-1324",
    pages = "3342--3348",
}


@inproceedings{wang-etal-2019-learning-deep,
    title = "Learning Deep Transformer Models for Machine Translation",
    author = "Wang, Qiang  and
      Li, Bei  and
      Xiao, Tong  and
      Zhu, Jingbo  and
      Li, Changliang  and
      Wong, Derek F.  and
      Chao, Lidia S.",
    editor = "Korhonen, Anna  and
      Traum, David  and
      M{\`a}rquez, Llu{\'\i}s",
    booktitle = "Proceedings of the 57th Annual Meeting of the Association for Computational Linguistics",
    month = jul,
    year = "2019",
    address = "Florence, Italy",
    publisher = "Association for Computational Linguistics",
    url = "https://aclanthology.org/P19-1176",
    doi = "10.18653/v1/P19-1176",
    pages = "1810--1822"
}

@inproceedings{ethayarajh-2019-contextual,
    title = "How Contextual are Contextualized Word Representations? {C}omparing the Geometry of {BERT}, {ELM}o, and {GPT}-2 Embeddings",
    author = "Ethayarajh, Kawin",
    editor = "Inui, Kentaro  and
      Jiang, Jing  and
      Ng, Vincent  and
      Wan, Xiaojun",
    booktitle = "Proceedings of the 2019 Conference on Empirical Methods in Natural Language Processing and the 9th International Joint Conference on Natural Language Processing (EMNLP-IJCNLP)",
    month = nov,
    year = "2019",
    address = "Hong Kong, China",
    publisher = "Association for Computational Linguistics",
    url = "https://aclanthology.org/D19-1006",
    doi = "10.18653/v1/D19-1006",
    pages = "55--65"
}

@Article{app11146584,
AUTHOR = {Eo, Sugyeong and Park, Chanjun and Moon, Hyeonseok and Seo, Jaehyung and Lim, Heuiseok},
TITLE = {Comparative Analysis of Current Approaches to Quality Estimation for Neural Machine Translation},
JOURNAL = {Applied Sciences},
VOLUME = {11},
YEAR = {2021},
NUMBER = {14},
ARTICLE-NUMBER = {6584},
URL = {https://www.mdpi.com/2076-3417/11/14/6584},
ISSN = {2076-3417},
DOI = {10.3390/app11146584}
}

@online{ibm_rnn,
  title = {What are recurrent neural networks?},
  author = {IBM},
  year = {2024},
  url = {https://www.ibm.com/topics/recurrent-neural-networks},
  note = {Accessed: February 8, 2024}
}

@online{ibm_cnn,
  title = {What are convolutional neural networks?},
  author = {IBM},
  year = {2024},
  url = {https://www.ibm.com/topics/convolutional-neural-networks},
  note = {Accessed: February 8, 2024}
}

@inproceedings{NIPS2017_3f5ee243,
 author = {Vaswani, Ashish and Shazeer, Noam and Parmar, Niki and Uszkoreit, Jakob and Jones, Llion and Gomez, Aidan N and Kaiser, \L ukasz and Polosukhin, Illia},
 booktitle = {Advances in Neural Information Processing Systems},
 editor = {I. Guyon and U. Von Luxburg and S. Bengio and H. Wallach and R. Fergus and S. Vishwanathan and R. Garnett},
 pages = {},
 publisher = {Curran Associates, Inc.},
 title = {Attention is All you Need},
 url = {https://proceedings.neurips.cc/paper_files/paper/2017/file/3f5ee243547dee91fbd053c1c4a845aa-Paper.pdf},
 volume = {30},
 year = {2017}
}

@book{Aho:72,
    author = {Aho, Alfred V. and Ullman, Jeffrey D.},
    title   = {The Theory of Parsing, Translation and Compiling},
    year    = "1972",
    volume  = "1",
    publisher = {Prentice-Hall},
    address = {Englewood Cliffs, NJ}
}

@book{APA:83,
    author  = {{American Psychological Association}},
    title   = {Publications Manual},
    year    = "1983",
    publisher = {American Psychological Association},
    address = {Washington, DC}
}

@article{Chandra:81,
	author = {Ashok K. Chandra and Dexter C. Kozen and Larry J. Stockmeyer},
	year = "1981",
	title = {Alternation},
	journal = {Journal of the Association for Computing Machinery},
	volume = "28",
	number = "1",
	pages = "114--133",
	doi = "10.1145/322234.322243",
}

@inproceedings{andrew2007scalable,
  title={Scalable training of {$L_1$}-regularized log-linear models},
  author={Andrew, Galen and Gao, Jianfeng},
  booktitle={Proceedings of the 24th International Conference on Machine Learning},
  pages={33--40},
  year={2007},
  url={https://dl.acm.org/doi/abs/10.1145/1273496.1273501}
}

@book{Gusfield:97,
    author  = {Dan Gusfield},
    title   = {Algorithms on Strings, Trees and Sequences},
    year    = "1997",
    publisher = {Cambridge University Press},
    address = {Cambridge, UK},
    url={https://www.cambridge.org/core/books/algorithms-on-strings-trees-and-sequences/F0B095049C7E6EF5356F0A26686C20D3}
}

@article{rasooli-tetrault-2015,
    author    = {Mohammad Sadegh Rasooli and Joel R. Tetreault},
    title     = {Yara Parser: {A} Fast and Accurate Dependency Parser},
    journal   = {Computing Research Repository},
    volume    = {arXiv:1503.06733},
    year      = {2015},
    url       = {http://arxiv.org/abs/1503.06733},
    note    = {version 2}
}

@article{Ando2005,
	Acmid = {1194905},
	Author = {Ando, Rie Kubota and Zhang, Tong},
	Issn = {1532-4435},
	Issue_Date = {12/1/2005},
	Journal = {Journal of Machine Learning Research},
	Month = dec,
	Numpages = {37},
	Pages = {1817--1853},
	Publisher = {JMLR.org},
	Title = {A Framework for Learning Predictive Structures from Multiple Tasks and Unlabeled Data},
	Volume = {6},
	Year = {2005},
	url={https://www.jmlr.org/papers/volume6/ando05a/ando05a.pdf}
}

@article{ct1965,
  title={An algorithm for the machine calculation of complex {F}ourier series},
  author={Cooley, James W. and Tukey, John W.},
  journal={Mathematics of Computation},
  volume={19},
  number={90},
  pages={297--301},
  year={1965},
  url={https://www.ams.org/journals/mcom/1965-19-090/S0025-5718-1965-0178586-1/S0025-5718-1965-0178586-1.pdf}
}

% Referencias do artigo

@book{mitkov2022oxford,
  title={The Oxford handbook of computational linguistics},
  author={Mitkov, Ruslan},
  year={2022},
  publisher={Oxford University Press}
}

@article{yang2020survey,
  title={A survey of deep learning techniques for neural machine translation},
  author={Yang, Shuoheng and Wang, Yuxin and Chu, Xiaowen},
  journal={arXiv preprint arXiv:2002.07526},
  year={2020}
}

% Nossa Bibliografia

@inproceedings{randell1992spatial,
  title={A spatial logic based on regions and connection},
  author={Randell, David A and Cui, Zhan and Cohn, Anthony G},
  booktitle={Proceedings of the Third International Conference on Principles of Knowledge Representation and Reasoning},
  volume={92},
  pages={165--176},
  year={1992}
}

@incollection{cohn1997representing,
  title={Representing and reasoning with qualitative spatial relations about regions},
  author={Cohn, Anthony G and Bennett, Brandon and Gooday, John and Gotts, Nicholas M},
  booktitle={Spatial and temporal reasoning},
  pages={97--134},
  year={1997},
  publisher={Springer}
}

@article{talmy1985lexicalization,
  title={Lexicalization patterns: Semantic structure in lexical forms},
  author={Talmy, Leonard},
  journal={Language typology and syntactic description},
  volume={3},
  number={99},
  pages={36--149},
  year={1985}
}

@book{talmy2000toward,
  title={Toward a cognitive semantics: Concept structuring systems},
  author={Talmy, Leonard},
  volume={1},
  year={2000},
  publisher={MIT Press}
}

@book{talmy2000towardb,
  title={Toward a cognitive semantics: Typology and process in concept structuring},
  author={Talmy, Leonard},
  volume={2},
  year={2000},
  publisher={MIT Press}
}


@article{freksa2016neighborhood,
  title={Neighborhood, conceptual},
  author={Freksa, Christian and Kreutzmann, Arne},
  journal={International Encyclopedia of Geography},
  pages={1--12},
  year={2016},
  publisher={Wiley Online Library}
}

@article{freksa1992temporal,
  title={Temporal reasoning based on semi-intervals},
  author={Freksa, Christian},
  journal={Artificial intelligence},
  volume={54},
  number={1-2},
  pages={199--227},
  year={1992},
  publisher={Elsevier}
}

@book{freksa1991conceptual,
  title={Conceptual neighborhood and its role in temporal and spatial reasoning},
  author={Freksa, Christian},
  year={1991},
  publisher={Inst. f{\"u}r Informatik}
}

@book{coventry2004saying,
  title={Saying, seeing and acting: The psychological semantics of spatial prepositions},
  author={Coventry, Kenny and Garrod, Simon},
  year={2004},
  publisher={Psychology Press}
}

@book{lakoff2008metaphors,
  title={Metaphors we live by},
  author={Lakoff, George and Johnson, Mark},
  year={2008},
  publisher={University of Chicago press}
}

@article{kelleher2022distributional,
  title={Distributional semantics for situated spatial language? Functional, geometric and perceptual perspectives},
  author={Kelleher, John D and Dobnik, Simon},
  year={2022},
  journal={CSLI Publications}
}

@article{chen2015survey,
  title={A survey of qualitative spatial representations},
  author={Chen, Juan and Cohn, Anthony G and Liu, Dayou and Wang, Shengsheng and Ouyang, Jihong and Yu, Qiangyuan},
  journal={The Knowledge Engineering Review},
  volume={30},
  number={1},
  pages={106--136},
  year={2015},
  publisher={Cambridge University Press}
}

@article{cohn2001qualitative,
  title={Qualitative spatial representation and reasoning: An overview},
  author={Cohn, Anthony and Hazarika, Shyamanta},
  journal={Fundamenta informaticae},
  volume={46},
  number={1-2},
  pages={1--29},
  year={2001},
  publisher={IOS Press}
}


@article{rodrigues2020standpoint,
	author = {Edilson J. Rodrigues and Paulo E. Santos and Marcos Lopes and Brandon Bennett and Paul Edward Oppenheimer},
	journal = {Journal of Logic and Computation},
	number = {2},
	pages = {635--661},
	title = {Standpoint Semantics for Polysemy in Spatial Prepositions},
	volume = {30},
	year = {2020},
    url={https://philarchive.org/rec/OPPSSF}
}


@book{levinson2006grammars,
  title={Grammars of space: Explorations in cognitive diversity},
  author={Levinson, Stephen C. and Wilkins, David P.},
  volume={6},
  year={2006},
  publisher={Cambridge University Press}
}

@inproceedings{bateman2003static,
  title={Why a static interpretation is not sufficient in spatial communication},
  author={Bateman, John and Fischer, Kerstin and Tenbrink, Thora},
  booktitle={Proceedings of the 2003 EACL Workshop on Dialogue Systems},
  year={2003}
}

@online{cambridge-across,
  author = {Cambridge Dictionary},
  title = {Across},
  year = {2024},
  url = {https://dictionary.cambridge.org/dictionary/english/across},
  urldate = {2024-05-14},
}

@online{cambridge-through,
  author = {Cambridge Dictionary},
  title = {Through},
  year = {2024},
  url = {https://dictionary.cambridge.org/dictionary/english/through},
  urldate = {2024-05-14},
} 2024-05-14

@online{cambridge-into,
  author = {Cambridge Dictionary},
  title = {Into},
  year = {2024},
  url = {https://dictionary.cambridge.org/dictionary/english/into},
  urldate = {2024-05-14},
}

@online{cambridge-onto,
  author = {Cambridge Dictionary},
  title = {Onto},
  year = {2024},
  url = {https://dictionary.cambridge.org/dictionary/english/onto},
  urldate = {2024-05-14},
}

@book{koehn2020neural,
  author = {Koehn, Philipp},
  title = {Neural Machine Translation},
  year = {2020},
  publisher = {Cambridge University Press},
  doi = {10.1017/9781108608480},
  isbn = {9781108608480},
  url = {https://doi.org/10.1017/9781108608480}
}

@article{brito2017mobile,
  author = {Brito, George and Lima, Alain and Barbosa, Gentil and Oliveira, Antônio},
  year = {2017},
  month = {07},
  pages = {72},
  title = {Mobile Platform for Translation of Brazilian Indigenous Languages of Tocantins},
  volume = {87},
  journal = {International Proceedings of Economics Development and Research}
}

@article{polakova2023using,
  title={Using DeepL translator in learning English as an applied foreign language--An empirical pilot study},
  author={Polakova, Petra and Klimova, Blanka},
  journal={Heliyon},
  volume={9},
  number={8},
  year={2023},
  publisher={Elsevier}
}

@article{prates2020assessing,
  title={Assessing gender bias in machine translation: a case study with google translate},
  author={Prates, Marcelo OR and Avelar, Pedro H and Lamb, Lu{\'\i}s C},
  journal={Neural Computing and Applications},
  volume={32},
  pages={6363--6381},
  year={2020},
  publisher={Springer}
}

@article{medvedev2016google,
  title={Google translate in teaching English},
  author={Medvedev, Gennady},
  journal={Journal of teaching English for specific and academic purposes},
  volume={4},
  number={1},
  pages={181--193},
  year={2016}
}


@article{jiao2023chatgpt,
  title={Is ChatGPT a good translator? Yes with GPT-4 as the engine},
  author={Jiao, Wenxiang and Wang, Wenxuan and Huang, JT and Wang, Xing and Tu, ZP},
  journal={arXiv preprint arXiv:2301.08745},
  year={2023}
}


@article{miranda2020avaliaccao,
  title={Avalia{\c{c}}{\~a}o humana da tradu{\c{c}}{\~a}o autom{\'a}tica de combina{\c{c}}{\~o}es lexicais especializadas: o caso do Google Translate e do DeepL},
  author={Miranda, Thais and Pimentel, Janine Maria Mendon{\c{c}}a and others},
  journal={Belas Infi{\'e}is},
  volume={9},
  number={4},
  pages={21--43},
  year={2020}
}

@article{spranger2016robust,
  title={Robust natural language processing-combining reasoning, cognitive semantics and construction grammar for spatial language},
  author={Spranger, Michael and Suchan, Jakob and Bhatt, Mehul},
  journal={arXiv preprint arXiv:1607.05968},
  year={2016}
}

@article{KoehnK17,
  author       = {Koehn,Philipp and Knowles, Rebecca},
  title        = {Six Challenges for Neural Machine Translation},
  journal      = {CoRR},
  volume       = {abs/1706.03872},
  year         = {2017},
  url          = {http://arxiv.org/abs/1706.03872},
  eprinttype    = {arXiv},
  eprint       = {1706.03872},
  timestamp    = {Mon, 13 Aug 2018 16:46:17 +0200},
  biburl       = {https://dblp.org/rec/journals/corr/KoehnK17.bib},
  bibsource    = {dblp computer science bibliography, https://dblp.org}
}

@inproceedings{ghanimifard2019neural,
  title={What a neural language model tells us about spatial relations},
  author={Ghanimifard, Mehdi and Dobnik, Simon},
  booktitle={Proceedings of the Combined Workshop on Spatial Language Understanding (SpLU) and Grounded Communication for Robotics (RoboNLP)},
  pages={71--81},
  year={2019}
}

@article{kelleher2018not,
  title={What is not where: the challenge of integrating spatial representations into deep learning architectures},
  author={Kelleher, John D and Dobnik, Simon},
  journal={arXiv preprint arXiv:1807.08133},
  year={2018}
}

@article{zwarts2016counterdirectionality,
  title={Counterdirectionality crosslinguistically: comparing Braziliam Portuguese and Dutch},
  author={Zwarts, Joost and Basso, Renato Miguel},
  journal={Revista da ABRALIN},
  year={2016}
}

@article{rodrigues2017pinning,
  title={Pinning down polysemy: A formalisation for a Brazilian Portuguese preposition},
  author={Rodrigues, Edilson and Santos, Paulo and Lopes, Marcos},
  journal={Cognitive systems research},
  volume={41},
  pages={84--92},
  year={2017},
  publisher={Elsevier},
  url={https://www.sciencedirect.coliveira2022expressingm/science/article/abs/pii/S1389041716300766}
}

@article{vaswani2017attention,
  title={Attention is all you need},
  author={Vaswani, Ashish and Shazeer, Noam and Parmar, Niki and Uszkoreit, Jakob and Jones, Llion and Gomez, Aidan N and Kaiser, {\L}ukasz and Polosukhin, Illia},
  journal={Advances in neural information processing systems},
  volume={30},
  year={2017}
}

@article{allen1983maintaining,
  title={Maintaining knowledge about temporal intervals},
  author={Allen, James F},
  journal={Communications of the ACM},
  volume={26},
  number={11},
  pages={832--843},
  year={1983},
  publisher={ACM New York, NY, USA}
}
@article{herskovits1985semantics,
  title={Semantics and pragmatics of locative expressions},
  author={Herskovits, Annette},
  journal={Cognitive science},
  volume={9},
  number={3},
  pages={341--378},
  year={1985},
  publisher={Elsevier}
}

@article{taylor1996perspective,
  title={Perspective in spatial descriptions},
  author={Taylor, Holly A and Tversky, Barbara},
  journal={Journal of memory and language},
  volume={35},
  number={3},
  pages={371--391},
  year={1996},
  publisher={Elsevier}
}

@article{tversky2003structures,
  title={Structures of mental spaces: How people think about space},
  author={Tversky, Barbara},
  journal={Environment and behavior},
  volume={35},
  number={1},
  pages={66--80},
  year={2003},
  publisher={Sage Publications}
}

@phdthesis{kollar2011learning,
  author = {Kollar, Thomas Fleming},
  title = {Learning to understand spatial language for robotic navigation and mobile manipulation},
  school = {Massachusetts Institute of Technology},
  year = {2011},
  url = {http://hdl.handle.net/1721.1/66012},
  keywords = {Electrical Engineering and Computer Science},
}

@inproceedings{zang2018translating,
  author = {Zang, Xiaoxue and Pokle, Ashwini and Vázquez, Marynel and Chen, Kevin and Niebles, Juan Carlos and Soto, Alvaro and Savarese, Silvio},
  title = {Translating Navigation Instructions in Natural Language to a High-Level Plan for Behavioral Robot Navigation},
  booktitle = {Proceedings of the 2018 Conference on Empirical Methods in Natural Language Processing},
  location = {Brussels, Belgium},
  year={2018},
  pages = {2657--2666},
  organization = {Association for Computational Linguistics},
  year = {2018},
}


@article{gotts1996connection,
  title={A connection based approach to common-sense topological description and reasoning},
  author={Gotts, Nicholas M and Gooday, John M and Cohn, Anthony G},
  journal={The Monist},
  volume={79},
  number={1},
  pages={51--75},
  year={1996},
  publisher={JSTOR}
}

@inproceedings{ligozat2007language,
  title={From language to pictorial representations},
  author={Ligozat, G{\'e}rard and Nowak, Jakub and Schmitt, Didier},
  booktitle={Language and Technology Conference (L\&TC'07)},
  year={2007}
}

@article{dabre2020survey,
  title={A survey of multilingual neural machine translation},
  author={Dabre, Raj and Chu, Chenhui and Kunchukuttan, Anoop},
  journal={ACM Computing Surveys (CSUR)},
  volume={53},
  number={5},
  pages={1--38},
  year={2020},
  publisher={ACM New York, NY, USA}
}

@inproceedings{oliveira2021hipotese,
title={A Hipótese Pensar para Falar na Interlíngua: Estudo de Caso da Expressão do Movimento em Português L2/Inglês L1 e Vice-Versa},
author={Oliveira, Aparecida},
booktitle={IX Conferência Linguística e Cognição: Diálogos Imprescindíveis},
year={2021},
organization={UFMG},
url={https://www.even3.publicações/anais/clingcog/174633-A-HIPOTESE-PENSAR-PARA-FALAR-NA-INTER-LINGUA--ESTUDO-DE-CASO-DA-EXPRESSAO-DO-MOVIMENTO-EM-PORTUGUES-L2INGLES-L1-E},
urldate={2023-07-30},
}

@inbook{oliveira2022expressing,
title={Expressing complex paths of motion in Brazilian Portuguese: a closer look at frog stories},
author = {Oliveira, Aparecida and Fernandes, Rafael},
booktitle={Estudos de Linguística, Ensino e Literatura em Múltiplas Perspectivas},
editor={Chiappara, Juan Pablo and Siqueira, Joelma Santana and Oliveira, Aparecida de Araújo and Gediel, Ana Luisa},
year = {2022},
month = {02},
pages = {21--35},
}

@inproceedings{kancheva2023semantic,
  title={Semantic Classification of Prepositions in BulTreeBank WordNet},
  author={Kancheva, Zara},
  booktitle={CLARIN Annual Conference},
  pages={66--76},
  year={2023}
}

@article{bender2016linguistic,
  author = {Bender, Emily M.},
  title = {Linguistic typology in natural language processing},
  journal = {Linguistic Typology},
  volume = {20},
  number = {3},
  pages = {645--660},
  year = {2016},
  doi = {10.1515/lingty-2016-0035},
  url = {https://doi.org/10.1515/lingty-2016-0035}
}


@article{stevenson2022beyond,
  author = {Stevenson, Suzanne and Merlo, Paola},
  title = {Beyond the Benchmarks: Toward Human-Like Lexical Representations},
  journal = {Frontiers in Artificial Intelligence},
  volume = {5},
  pages = {796741},
  year = {2022},
  doi = {10.3389/frai.2022.796741},
  pmid = {35685444},
  pmcid = {PMC9170951}
}


@article{McCleary-Viotti-2004,
  title={Representação do espaço em inglês e português brasileiro: observações iniciais},
  volume={1},
  url={https://revistadaanpoll.emnuvens.com.br/revista/article/view/552},
  DOI={10.18309/anp.v1i16.552},
  journal={Revista da Anpoll},
  author={McCleary, Leland and Viotti, Evani},
  year={2004},
  month={12}
}

@book{Crystal,
   title = {The Cambridge Encyclopedia of the English Language},
   author = {Crystal, David},
   publisher = {Cambridge University Press},
   isbn =      {9780521530330},
   year =      {1994},
   series =    {},
   edition =   {1},
   volume =    {},
   url =       {http://gen.lib.rus.ec/book/index.php?md5=e1dea6365bd8120bf33440b7823242ce}
}

@phdthesis{bamberg1985form,
  title={Form and function in the construction of narratives: developmental perspectives},
  author={Bamberg, M. G. W.},
  year={1985},
  school={University of California at Berkeley},
  type={Unpublished doctoral dissertation (PhD)}
}

@book{russelandnorvig,
  title = {Artificial Intelligence: A Modern Approach},
  author = {Russell, S. and Norvig, P.},
  year = {2002},
  publisher = {Prentice Hall},
  address = {Saddle River},
  url = {www.google.com}
}


@article{moura_badaracco,
  author = {Moura, H. and Badaracco, L.},
  year = {2019},
  month = {05},
  pages = {166--183},
  title = {Traduzindo verbos de movimento do inglês para o português: léxico e construções},
  volume = {39},
  journal = {Cadernos de Tradução},
  doi = {10.5007/2175-7968.2019v39n2p166}
}

@article{kemmerer2005spatial,
  title={The spatial and temporal meanings of English prepositions can be independently impaired},
  author={Kemmerer, D.},
  journal={Neuropsychologia},
  volume={43},
  number={5},
  pages={797--806},
  year={2005},
  publisher={Elsevier},
  doi={10.1016/j.neuropsychologia.2004.06.025},
  PMID={15721192}
}

@book{book:240340,
   title =     {Foundations of Statistical Natural Language Processing},
   author =    {Manning, C. D. and Schütze, H.},
   publisher = {The MIT Press},
   isbn =      {9780262133609,0262133601},
   year =      {1999},
   series =    {},
   edition =   {1},
   volume =    {},
   url =       {http://gen.lib.rus.ec/book/index.php?md5=7a24f1d778f4c00e950c4e5ae02d714f}
}

@article{eckhoff2018a,
  author = {Eckhoff, H. M. and Bech, K. and Bouma, G. and Eide, K. and Haug, D. and Haugen, O. E. and Jøhndal, M.},
  year = {2018},
  title = {The {PROIEL} treebank family: {A} standard for early attestations of {I}ndo-{E}uropean languages},
  volume = {52},
  pages = {29–65},
  doi = {10.1007/s10579-017-9388-5},
  language = {en},
  journal = {Language Resources and Evaluation},
  number = {1}
}

@article{Abbas_etal,
  author = {M. Abbas. and K. A. Memon and A. A. Jamali and S. Memon and A. Ahmed},
  year = {2019},
  month = {03},
  title = {Multinomial Naive Bayes Classification Model for Sentiment Analysis},
  volume = {19},
  language = {en},
  journal = {IJCSNS International Journal of Computer Science and Network Security},
  number = {3}
}

@book{jenset&mcgil,
  title={Quantitative historical linguistics: A corpus framework},
  author={Jenset, Gard B. and McGillivray, Barbara},
  year={2017},
  address={Oxford},
  publisher={Oxford University Press},
  doi={10.1093/llc/fqy046} 
}

@article{Zwarts,
  author = {Zwarts, Joost},
  year = {2012},
  title = {Spatial semantics: Modeling the meaning of prepositions},
  volume = {11},
  pages = {1--20},
  doi = {10.1111/lnc3.12241},
  language = {en},
  journal = {Language and Linguists Compass},
  publisher = {John Wiley & Sons Ltd},
  address = {The Netherlands}
}


@incollection{Talmy1985,
  author = {Talmy, Leonard},
  title = {Lexicalization patterns: semantic structure in lexical form},
  year = {1985},
  editor = {SHOPEN, T.},
  booktitle = {Language typology and syntatic description: Grammatical categories and the lexicon},
  address = {Cambridge},
  volume = {3},
  publisher = {Cambridge University Press},
  pages = {57--149},
  language = {en}
}


@incollection{Kibriya_atal,
  author = {Kibriya, A. M. and Frank, E. and Pfahringer, B. and Holmes, G.},
  editor = {G.I. Webb and Xinghuo Yu},
  year = {2004},
  title = {Multinomial Naive Bayes for Text Categorization Revisited},
  volume = {19},
  page = {488--499},
  language = {en},
  booktitle = {AI 2004, LNAI 3339},
  publisher = {Springer-Verlag Berlin Heidelberg},
  number = {3},
  address = {Germany},
  biburl = {https://perun.pmf.uns.ac.rs/radovanovic/dmsem/cd/install/Weka/doc/pubs/2004/KibriyaAI04-MultinomialNBRevisited.pdf}
}


@book{Talmy00_2,
  added-at = {2016-06-15T16:19:23.000+0200},
  address = {Cambridge, MA},
  author = {Talmy, Leonard},
  biburl = {https://www.bibsonomy.org/bibtex/2670edb1706a7d256a584e1faad92c4e8/flint63},
  file = {MIT Press Product Page:http\://mitpress.mit.edu/books/toward-cognitive-semantics:URL;Amazon Search inside:http\://www.amazon.de/gp/reader/0262201216/:URL},
  groups = {public},
  interhash = {7b65b6594434257cf3b43e64c6e391f5},
  intrahash = {670edb1706a7d256a584e1faad92c4e8},
  isbn = {978-0-262-20121-6},
  keywords = {01821 101 mitpress book shelf ai cognitive science language ontology semantic spatial temporal knowledge processing},
  publisher = {MIT Press},
  series = {Language, Speech, and Communication},
  timestamp = {2018-04-16T11:54:18.000+0200},
  title = {Toward a Cognitive Semantics. Volume 2: Typology and Process in Concept Structuring},
  username = {flint63},
  year = {2000}
}


@book{LakoffJohnson80,
  added-at = {2016-12-24T16:12:14.000+0100},
  address = {Chicago},
  author = {Lakoff, George and Johnson, Mark},
  biburl = {https://www.bibsonomy.org/bibtex/28c59e91679dc6ae18dd576f6ef87b10e/flint63},
  description = {Paperback 2003 & deutsche Ausgabe 2007},
  file = {Scan:1900-99/LakoffJohnson80.pdf:PDF;Amazon Search inside:http\://www.amazon.de/gp/reader/0226468003/:URL},
  groups = {public},
  interhash = {6f7be595042d359dafc88e78aef0274f},
  intrahash = {8c59e91679dc6ae18dd576f6ef87b10e},
  isbn = {9780226468006},
  keywords = {01624 103 book shelf cognitive science language processing semantic knowledge},
  publisher = {University of Chicago Press},
  timestamp = {2017-07-13T17:27:56.000+0200},
  title = {Metaphors we Live by},
  username = {flint63},
  year = 1980
}


@BOOK{coventry:04b,
  author = {Coventry, Kenny R. and Garrod, Simon C.},
  title = {Saying, seeing, and acting: The psychological semantics of spatial prepositions},
  year = {2004},
  publisher = {Psychology Press},
  address = {New York},
  date-added={2012-09-20 11:08:58 +0200},
  date-modified={2012-09-20 11:08:58 +0200},
  project={fremdliteratur},
}


@incollection{Radke2019,
  author={Radke, M. and Das, P. and Stock, K. and Jones, C. B.},
  year = {2019},
  booktitle = {Conference On Spatial Information Theory},
  title = {Detecting the Geospatialness of Prepositions from Natural Language Text},
  volume = {11},
  pages = {11:1–11:8},
  journal = {Leibniz International Proceedings in Informatics/ Schloss Dagstuhl – Leibniz-Zentrum für Informatik},
  doi = {10.4230/LIPIcs.COSIT.2019.11},
  publisher = {Dagstuhl Publishing},
  address = {Germany},
  editors = {Sabine Timpf and Christoph Schlieder, Markus Kattenbeck and Bernd Ludwig and Kathleen Stewart}
}


@book{herskovits1986language,
  title={Language and Spatial Cognition (Studies in Natural Language Processing)},
  author={Herskovits, Annette},
  volume={12},
  year={1986},
  publisher={Cambridge University Press},
  address={Cambridge},
  doi={10.1017/CBO9780511620669}
}

@incollection{fabricius-hansen2012b,
  author = {Fabricius-Hansen, C. and Haug, D. T. T.},
  year = {2012},
  title = {Co-eventive adjuncts: Main issues and clarifications},
  editor = {Fabricius-Hansen, Cathrine and Haug, Dag T. T.},
  pages = {21--54},
  publisher = {De Gruyter},
  language = {en},
  booktitle = {Big events, small clauses},
  address = {Berlin--Boston}
}

@inproceedings{shree-a,
    title = "Deep Natural Language Understanding of News Text",
    author = "Shree, J.  and
    Liu, E.  and
    Gordon, A  and
    Hobbs, J.",
    booktitle = "Proceedings of the First Workshop on Narrative Understanding",
    year = "2019",
    address = "Minneapolis, Minnesota",
    publisher = "Association for Computational Linguistics",
    doi = "10.18653/v1/W19-2403",
    pages = "19--27",
}


@inproceedings{wyner2007baseballs,
    author = {Wyner, A. and Bench-Capon, T. and Atkinson, K.},
    title = {Arguments, Values and Baseballs: Representation of Popov v. Hayashi},
    year = {2007},
    publisher = {IOS Press},
    address = {NLD},
    booktitle = {Proceedings of the 2007 Conference on Legal Knowledge and Information Systems: JURIX 2007: The Twentieth Annual Conference},
    pages = {151--160},
    numpages = {10},
    keywords = {Case-Based Reasoning, Argument Schemes, Values, Argumentation},
}


@InProceedings{radke_et_al_2019,
  author =	{Radke, M. and Das, P. and Stock, K. and Jones, C. B.},
  title =	{Detecting the Geospatialness of Prepositions from Natural Language Text (Short Paper)},
  booktitle =	{14th International Conference on Spatial Information Theory (COSIT 2019)},
  pages =	{11:1--11:8},
  series =	{Leibniz International Proceedings in Informatics (LIPIcs)},
  ISBN =	{9783959771153},
  ISSN =	{1868--8969},
  year =	{2019},
  volume =	{142},
  editor =	{Sabine Timpf and Christoph Schlieder and Markus Kattenbeck and Bernd Ludwig and Kathleen Stewart},
  publisher =	{Schloss Dagstuhl--Leibniz-Zentrum fuer Informatik},
  address =	{Dagstuhl, Germany},
  URL =		{http://drops.dagstuhl.de/opus/volltexte/2019/11103},
  URN =		{urn:nbn:de:0030-drops-111033},
  doi =		{10.4230/LIPIcs.COSIT.2019.11},
  annote =	{Keywords: spatial language, natural language processing, geospatial language}
}

@article{radke2022,
  title={Disambiguating spatial prepositions: The case of geo-spatial sense detection},
  author={Radke, M. and Gupta, A. and Stock, K. and Jones, C. B.},
  journal={Transactions in GIS},
  volume={26},
  number={6},
  pages={2621--2650},
  year={2022},
  doi={10.1111/tgis.12976},
  url={https://onlinelibrary.wiley.com/doi/abs/10.1111/tgis.12976},
  eprint={https://onlinelibrary.wiley.com/doi/pdf/10.1111/tgis.12976}
}


@inproceedings{Ye2018WordEmbeddings,
  author  = {Qi, Y. and Sachan, D. and Felix, M. and Padmanabhan, S. and Neubig, G.},
  title   = {When and Why are pre-trained word embeddings useful for Neural Machine Translation},
  booktitle = {HLT-NAACL},
  year    = {2018},
  }

@inproceedings{Talmy1983HowLS,
  title={How Language Structures Space},
  author={Talmy, Leonard},
  year={1983}
}


@book{levinson_2003, 
    place={Cambridge}, 
    series={Language Culture and Cognition}, title={Space in Language and Cognition: Explorations in Cognitive Diversity}, 
    DOI={10.1017/CBO9780511613609}, 
    publisher={Cambridge University Press}, author={Levinson, S. C.}, 
    year={2003}, 
    collection={Language Culture and Cognition}
}

@book{pym2010exploring,
  title={Exploring Translation Theories},
  author={Pym, Anthony},
  year={2010},
  publisher={Routledge},
  address={New York, NY},
  isbn={9780415837910},
  pages={192},
  edition={2},
  month={02},
  day={11},
}

@article{Hassani_Lee_2017,
    author = {Hassani, K. and Lee, W-S.},
    title = {Disambiguating Spatial Prepositions Using Deep Convolutional Networks},
    journal = {Proceedings of the AAAI Conference on Artificial Intelligence},
    volume = {31},
    number = {1},
    pages = {},
    year = {2017},
    month = {02},
    doi = {10.1609/aaai.v31i1.10973},
    url = {https://ojs.aaai.org/index.php/AAAI/article/view/10973}
}


@inproceedings{Dittrich-et-al,
    author = {Dittrich, A. and Vasardani, M. and Winter, S. and Baldwin, T. and Liu, F.},
    title = {A Classification Schema for Fast   Disambiguation of Spatial Prepositions},
    year = {2015},
    isbn = {9781450339711},
    publisher = {Association for Computing Machinery},
    address = {New York, NY, USA},
    url = {https://doi.org/10.1145/2833165.2833167},
    doi = {10.1145/2833165.2833167},
    booktitle = {Proceedings of the 6th ACM SIGSPATIAL International Workshop on GeoStreaming},
    pages = {78–-86},
    numpages = {9},
    keywords = {annotator agreement, semantic transformations, data streams, spatial prepositions, preposition sense disambiguation},
    location = {Bellevue, WA, USA},
    series = {IWGS '15}
}

@book{twain2011adventures,
  title = {The Adventures of Tom Sawyer},
  author = {Twain, Mark},
  year = {2011},
  publisher = {William Collins},
  address = {London, England},
  isbn = {9780007420117}
}

@book{lagos_twain2002,
  author = {Twain, Mark},
  title = {As Aventuras de Tom Sawyer},
  subtitle = {The Adventures of Tom Sawyer},
  translator = {Lagos, William},
  year = {2002},
  publisher = {L\&PM Pocket},
  address = {Porto Alegre},
  pages = {304},
  edition = {setembro de 2002},
  isbn = {9788525412010}
}

@book{slobin1985crosslinguistic,
  title = {The crosslinguistic study of language acquisition},
  author = {Slobin, Dan},
  year = {1985},
  publisher = {Lawrence Erlbaum Associates},
  address = {Hillsdale}
}

@article{slobin1987thinking,
  title = {Thinking for speaking},
  author = {Slobin, Dan},
  journal = {Berkeley Linguistics Society},
  pages = {435--445},
  year = {1987}
}

@incollection{slobin1996thought,
  title={From “thought and language” to “thinking for speaking”},
  author={ber, Dan},
  booktitle={Rethinking linguistic relativity},
  editor={Gumperz, John J and Levinson, Stephen C},
  chapter=3,
  pages={70--96},
  year={1996},
  publisher={Cambridge University Press},
  address={Cambridge}
}

@incollection{slobin2005relating,
  title={Relating narrative events in translation},
  author={Slobin, Dan},
  booktitle={Perspectives on language and language development: Essays in honor of Ruth A. Berman},
  editor={Ravid, Dorit and Shyldkrot, Hava},
  pages={115--129},
  year={2005},
  publisher={Springer},
  address={Dordrecht}
}

@Inbook{Slobin2005,
author="Slobin, Dan I.",
editor="Ravid, Dorit Diskin
and Shyldkrot, Hava Bat-Zeev",
title="Relating Narrative Events in Translation",
bookTitle="Perspectives on Language and Language Development: Essays in Honor of Ruth A. Berman",
year="2005",
publisher="Springer US",
address="Boston, MA",
pages="115--129",
isbn="978-1-4020-7911-5",
doi="10.1007/1-4020-7911-7_10",
url="https://doi.org/10.1007/1-4020-7911-7_10"
}



@inproceedings{koehn-etal-2005-edinburgh,
  title = {{E}dinburgh System Description for the 2005 {IWSLT} Speech Translation Evaluation},
  author = {Koehn, P. and Axelrod, A. and Birch Mayne, A. and Callison-Burch, C. and Osborne, M. and Talbot, D.},
  booktitle = {Proceedings of the Second International Workshop on Spoken Language Translation},
  month = {oct},
  pages = {24--25},
  year = {2005},
  address = {Pittsburgh, Pennsylvania, USA},
  url = {https://aclanthology.org/2005.iwslt-1.8},
}

@article{WANG2020105030,
  title = {Word Sense Disambiguation: A comprehensive knowledge exploitation framework},
  author = {Wang, Y. and Wang, M. and Fujita, H.},
  journal = {Knowledge-Based Systems},
  volume = {190},
  pages = {105030},
  year = {2020},
  issn = {0950-7051},
  doi = {https://doi.org/10.1016/j.knosys.2019.105030},
  url = {https://www.sciencedirect.com/science/article/pii/S0950705119304344}
}

@book{house2018,
  title = {Translation: The Basics},
  author = {House, Juliane},
  year = {2018},
  publisher = {Routledge},
  pages = {210},
  isbn = {978-1-138-01640-8}
}

@article{baldwin2009,
  title = {Prepositions in applications: A survey and introduction to the special issue},
  author = {Baldwin, T. and Kordoni, V. and Villavicencio, A.},
  journal = {Computational Linguistics},
  volume = {35},
  number = {2},
  pages = {119--149},
  year = {2009},
  publisher = {MIT Press},
  doi = {10.1162/coli.2009.35.2.119}
}

@article{barnden2006artificial,
  title={Artificial Intelligence, figurative language and cognitive linguistics},
  author={Barnden, John},
  journal={APPLICATIONS OF COGNITIVE LINGUISTICS},
  volume={1},
  pages={431},
  year={2006},
  publisher={Mouton de Gruyter}
}

@article{cadierno2017thinking,
  title={Thinking for speaking about motion in a second language},
  author={Cadierno, Teresa},
  journal={Motion and space across languages: Theory and applications},
  pages={279--300},
  year={2017},
  publisher={John Benjamins Amsterdam}
}

@article{wilcock2009introduction,
  title={Introduction to linguistic annotation and text analytics},
  author={Wilcock, G.},
  journal={Synthesis Lectures on Human Language Technologies},
  volume={2},
  number={1},
  pages={1--159},
  year={2009},
  publisher={Morgan \& Claypool Publishers}
}

@online{scikit-learn-multinomialnb,
  author = {Scikit-learn},
  title = {1.9.2. Multinomial Naive Bayes},
  year = {2023},
  url = {https://scikit-learn.org/stable/modules/naive_bayes.html#multinomial-naive-bayes},
  month = {03},
  dat = {14}
}

@article{RODRIGUES201784,
  title = "Pinning down polysemy: A formalisation for a Brazilian Portuguese preposition",
  author = "Rodrigues, E. and Santos, P. E.  and Lopes, M.",
  journal = "Cognitive Systems Research",
  year = "2017",
  volume = "41",
  pages = "84--92",
  keywords = "Qualitative spatial reasoning, Cognitive linguistics, Logic semantics",
  doi = "https://doi.org/10.1016/j.cogsys.2016.07.001",
  issn = "1389--0417",
  url = "https://www.sciencedirect.com/science/article/pii/S1389041716300766"
}


@misc{zheng2021spatial,
      title={Spatial Language Understanding for Object Search in Partially Observed City-scale Environments}, 
      author={Zheng, K. and Bayazit, D. and Mathew, R. and Pavlick, E. and Tellex, S.},
      year={2021},
      eprint={2012.02705},
      archivePrefix={arXiv},
      primaryClass={cs.RO}
}

@inproceedings{Vasudevan-atal,
    author = {Vasudevan, J. and Sunil, R. and Bhadran, V.K.},
    year = {2012},
    month = {12},
    pages = {93--102},
    title = {Disambiguation of pre/post positions in English - Malayalam Text Translation}
}

@article{Kumar-atal,
    author = {Kumar, M. and Sankaravelayuthan, R. and Kp, S.},
    year = {2015},
    month = {12},
    pages = {291-300},
    title = {Cross-Lingual Preposition Disambiguation for Machine Translation},
    volume = {54},
    journal = {Procedia Computer Science},
    doi = {10.1016/j.procs.2015.06.034}
}


@inproceedings{le2004high,
  title={High WSD accuracy using Naive Bayesian classifier with rich features},
  author = {Le, C. A. and Shimazu, A.},
  booktitle={Proceedings of the 18th Pacific Asia conference on language, information and computation},
  pages={105--114},
  year={2004}
}

@inproceedings{OHara2003PrepositionSC,
  title={Preposition semantic classification via Penn Treebank and FrameNet},
  author={O'Hara, T. and Wiebe, J.},
  booktitle={HLT-NAACL 2003},
  year={2003}
}

@article{Sasaki-Alan2004,
    author = {Sasaki-Alam, Y.},
    year = {2004},
    month = {01},
    pages = {},
    title = {Decision trees for sense disambiguation of prepositions: Case of over},
    doi = {10.3115/1596431.1596439}
}

@inproceedings{gong-atal2018,
    author = {Gong, H. and Mu, J. and Bhat, S. and Viswanath, P.},
    year = {2018},
    month = {01},
    pages = {1510-1521},
    title = {Preposition Sense Disambiguation and Representation},
    doi = {10.18653/v1/D18-1180}
}

@inproceedings{carpuat-wu-2007-improving,
    title = "Improving Statistical Machine Translation Using Word Sense Disambiguation",
    author = "Carpuat, M. and Wu, D.",
    booktitle = "Proceedings of the 2007 Joint Conference on Empirical Methods in Natural Language Processing and Computational Natural Language Learning ({EMNLP}-{C}o{NLL})",
    month = "06",
    year = "2007",
    address = "Prague, Czech Republic",
    publisher = "Association for Computational Linguistics",
    url = "https://aclanthology.org/D07-1007",
    pages = "61--72",
}

@article{pu-etal-2018-integrating,
    title = "Integrating Weakly Supervised Word Sense Disambiguation into Neural Machine Translation",
    author = "Pu, X.  and
      Pappas, N.  and
      Henderson, J.  and
      Popescu-Belis, A.",
    journal = "Transactions of the Association for Computational Linguistics",
    volume = "6",
    year = "2018",
    address = "Cambridge, MA",
    publisher = "MIT Press",
    url = "https://aclanthology.org/Q18-1044",
    doi = "10.1162/tacl_a_00242",
    pages = "635--649"
}

@inproceedings{v-etal-2012-disambiguation,
    title = "Disambiguation of pre/post positions in {E}nglish - {M}alayalam Text Translation",
    author = "Jayan, V. and Sunil, R. and Bhadran, V. K.",
    booktitle = "Proceedings of the Workshop on Machine Translation and Parsing in {I}ndian Languages",
    month = dec,
    year = "2012",
    address = "Mumbai, India",
    publisher = "The COLING 2012 Organizing Committee",
    url = "https://aclanthology.org/W12-5609",
    pages = "93--102",
}

@book{koehn2012statistical,
  author = {Koehn, Philipp},
  title = {Statistical Machine Translation},
  publisher = {Cambridge University Press},
  year = {2009},
  edition = {1},
  isbn = {9780511815829},
  doi = {10.1017/CBO9780511815829},
  url = {https://doi.org/10.1017/CBO9780511815829}
}


@inbook{shiwen2014rule,
  chapter={Rule-based machine translation},
  author={Shiwen, Yu and Xiaojing, Bai},
  title={Routledge Encyclopedia of Translation Technology},
  pages={224--238},
  year={2014},
  edition={1},
  publisher={Routledge},
  isbn={9781315749129}
}


@inproceedings{Randell-1992,
author = {Randell, D. and Cui, Z. and Cohn, A.},
year = {1992},
month = {01},
pages = {165--176},
title = {A Spatial Logic based on Regions and Connection.},
journal = {Principles of Knowledge Representation and Reasoning: Proceedings of the 1st International Conference}
}

@book{mani2012interpreting,
  author = {Mani, I. and Pustejovsky, J.},
  title = {Interpreting Motion: Grounded Representations for Spatial Language},
  series = {Explorations in Language and Space},
  year = {2012},
  publisher = {Oxford University Press},
  note = {Oxford, 2012; online edn, Oxford Academic, 24 May 2012},
  url = {https://doi.org/},
  urldate = {2023-05-31}
}
